3082 5076
701 341 740 404 51

152 525 185 588 p.
210 507 253 570 40
274 509 339 588 sq.)
356 506 386 591 ὅ)
408 505 551 573 iudicare
573 508 648 575 lieet
665 508 718 574 hie
739 509 824 576 idem
845 509 934 574 locus
956 514 1019 588 ert,
1046 510 1102 578 ubi
1123 511 1293 594 plebiscita

155 609 199 674 ab
222 628 260 674 eo
281 609 318 674 in
328 607 500 678 Philistore
522 611 610 678 edita
631 613 761 678 inventa
782 617 869 683 sunt.
908 611 1012 690 *Quod
1026 614 1053 679 si
1073 614 1121 680 ite
1140 621 1202 695 est,
1225 617 1294 682 sine

155 711 254 780 dubio
265 711 466 780 Ormenudie
489 715 670 782 sententiae
685 715 900 784 aecedendmn
919 721 981 797 est,
1002 717 1059 800 qui
1080 722 1114 784 et
1133 718 1204 801 ipse
1220 718 1294 786 illos

154 815 286 896 titulos,
319 817 437 900 quippe
459 837 543 903 quae
565 818 608 884 ad
629 819 825 902 epheborum
847 839 899 885 res
920 819 1135 902 pertinerent,
1164 821 1198 888 in
1219 821 1295 888 Pto-

155 920 280 986 lemaeo
302 920 475 986 collocatos
495 941 567 990 esse
589 923 710 1004 vultt).
755 925 783 988 Α
806 943 953 1006 ‚quonam
973 922 1159 992 Ptolemaeo
1186 929 1295 993 autem

154 1023 322 1090 conditum
343 1025 396 1106 sit,
419 1045 579 1110 nusquam
591 1027 719 1110 quidem
740 1027 892 1110 traditur,
915 1025 972 1092 sed
992 1028 1174 1112 quicunque
1193 1029 1240 1098 de
1257 1051 1294 1096 ec

154 1129 307 1194 dixerunt
327 1128 472 1196 homines
492 1131 578 1198 docti
599 1131 861 1198 verisimillimum
886 1131 1055 1216 duxemmt,
1079 1132 1294 1202 aPtolemaeo

153 1233 366 1317 Philadelpho
389 1235 473 1302 dono
497 1235 609 1301 datum
640 1256 712 1302 esse
734 1235 999 1316 Atheniensibus,
1032 1239 1122 1304 emus
1140 1239 1176 1307 in
1196 1239 1295 1309 hcnc·

156 1358 228 1402 rem
248 1343 281 1403 et
306 1337 532 1406 beneficiorum
554 1341 693 1424 gratiam
722 1341 821 1406 etiam
843 1339 1019 1408 Ptolemais
1040 1341 1145 1412 tribue
1167 1349 1200 1410 et
1220 1344 1294 1418 Pto·

154 1441 354 1508 lemeeorum
385 1461 479 1510 sacra
506 1445 617 1529 (inser.
643 1449 662 1510 3
683 1467 712 1509 r.
737 1449 788 1512 99.
835 1443 908 1508 sliri.
930 1447 961 1508 Γ
976 1465 1008 1528 p.
1035 1449 1095 1513 152
1117 1469 1146 1516 v.
1171 1449 1226 1533 34)
1247 1450 1294 1514 in-

155 1548 274 1612 stituta
296 1553 381 1612 sunt.
746 1602 749 1611 ,
1139 1611 1143 1620 ,
1204 1617 1208 1627 ,

244 1651 283 1715 In
304 1650 365 1716 hoc
386 1653 552 1736 gymnmio
576 1654 642 1720 iam
663 1653 766 1720 altero
789 1659 865 1722 ante
879 1652 952 1720 Chr.
976 1671 1008 1716 n.
1032 1652 1159 1730 saeculo
1180 1652 1294 1718 biblio·

156 1756 285 1822 thecam
306 1755 416 1822 fuisse
433 1776 473 1821 ex
502 1756 598 1823 titndo
624 1779 733 1840 nuper⁴
758 1761 887 1841 reperto
905 1755 975 1840 ΙἘῳι
998 1755 1176 1838 dep-4041
1200 1779 1228 1822 v.
1254 1761 1293 1827 25

158 1860 373 1943 eognovimus,
402 1877 537 1944 eamque
560 1860 755 1944 epheborum
776 1861 850 1928 usui
872 1861 1086 1944 potissimum,
1100 1845 1295 1934 destinatam

160 1963 260 2028 fuisse
280 1963 357 2030 inde
378 1964 532 2049 colligere
552 1966 643 2047 lieet,
670 1966 756 2050 quod
777 1965 893 2049 ephebi
915 1966 1087 2049 quotannis
1108 1966 1142 2030 in
1164 1985 1235 2033 eam
1258 1987 1298 2034 ex

158 2067 351 2152 populiscito
388 2073 515 2134 centum
546 2068 648 2136 libres
682 2069 864 2136 inferebant
901 2067 989 2147 (cat.
1023 2069 1118 2138 insen
1154 2074 1173 2134 5
1206 2092 1234 2134 v.
1266 2075 1295 2133 7.

156 2171 301 2238 LebasI
329 2193 360 2236 n.
386 2175 446 2236 531
480 2173 584 2257 inite.»
625 2173 798 2240 Praeterea
825 2171 1088 2255 philosophorum
1117 2172 1234 2238 scholis
1261 2174 1296 2238 in

156 2275 342 2362 Ptolemaeo
375 2274 496 2342 habitis
533 2277 695 2343 intersunt
730 2276 845 2362 ephebi
873 2276 983 2360 (inser.
1007 2280 1027 2340 2
1053 2298 1081 2344 v.
1109 2276 1183 2362 19);
1215 2297 1295 2360 ques

156 2380 257 2445 otium
288 2381 467 2463 posteriore
496 2385 647 2463 tempore
680 2380 726 2446 ibi
759 2379 872 2446 haberi
904 2379 1017 2446 solitos
1046 2401 1117 2446 esse
1154 2386 1296 2449 testatur

156 2483 225 2549 Oie.
248 2483 288 2548 de
315 2483 394 2548 tion.
414 2483 455 2564 V,
480 2489 507 2564 l,
535 2490 562 2548 1.
608 2483 679 2560 Qua
701 2485 742 2550 de
762 2503 863 2552 causa
882 2483 979 2552 etiam
1004 2482 1174 2568 Chrysippi
1197 2484 1296 2564 Stoioi

155 2592 269 2653 statua
291 2586 431 2654 ibi'erct
454 2586 563 2674 (Paos.
586 2587 676 2674 l.1.).
766 2595 769 2600 “
816 2620 819 2631 ·
914 2587 915 2590 ’

250 2689 400 2755 Ceterum
433 2692 665 2774 imperatorum
699 2693 806 2755 aetate
837 2710 902 2755 non
933 2690 997 2759 iem
1029 2698 1296 2760 commemoratur

155 2794 219 2859 hoc
240 2793 440 2878 gymnasium
461 2795 496 2858 in
516 2793 779 2879 inscriptionibus
793 2791 1008 2876 epheborum.

244 2897 348 2964 Multo
361 2898 657 2981 saepius·alterius
680 2897 845 2984 gymnasii,
867 2897 1033 2980 Didymei,
1061 2899 1182 2964 mentio
1203 2896 1241 2963 fit
1262 2898 1296 2962 in

155 3001 279 3082 titrrlis,
314 3023 353 3067 ae
375 3007 485 3069 tamen
505 3002 548 3068 de
569 3005 692 3088 origine
711 3007 757 3066 et
776 3002 841 3068 situ
864 3002 931 3066 eius
954 3001 1056 3068 multo
1078 3004 1183 3078 minus
1205 3007 1296 3069 certa
1408 3053 1411 3060 .

157 3105 286 3171 scimus.
341 3105 377 3171 Id
403 3105 508 3172 solum
540 3107 710 3174 dicendum
726 3111 798 3192 est,
833 3105 996 3172 conditum
1022 3125 1178 3175 essenon
1200 3127 1295 3189 posse

155 3250 364 3266 Μή

229 3329 255 3398 3)
273 3328 367 3398 „dec
390 3327 496 3400 δυσμὰς
519 3329 570 3382 τοῦ
585 3334 761 3400 τειρακιονίου
786 3333 829 3398 τῆς
847 3332 960 3398 Ἀθηνᾶς
973 3330 1152 3402 ’rogaremur
1177 3329 1231 3394 ἤωι
1254 3329 1296 3397 τῆς

156 3417 254 3472 κοινῶς
271 3419 416 3488 λεγομένης
434 3418 518 3483 πύλης
533 3419 576 3484 τῆς
590 3417 721 3491 ἀγορᾶς.“

227 3504 254 3575 4)
272 3506 331 3561 Iam
349 3507 407 3577 ipse
426 3507 509 3578 dixit,
536 3509 564 3561 in
581 3509 667 3563 titulis
684 3507 752 3568 nihil
769 3508 804 3562 de
822 3508 873 3562 hae
890 3525 920 3562 re
938 3508 1041 3574 inesse,
1069 3505 1118 3559 sed
1136 3504 1296 3574 simphciter

156 3594 244 3648 iuberi
267 3594 357 3658 στῆσαι
375 3598 403 3648 ἐν
421 3595 520 3667 α’γορᾷ.
556 3598 661 3656 Tamen
678 3603 819 3666 utrumque
838 3598 876 3651 ita
898 3597 969 3650 inter
986 3613 1015 3650 se
1034 3593 1178 3649 conciliare
1195 3593 1295 3662 studet,

158 3688 190 3736 ut
209 3683 283 3738 dicet
301 3702 383 3752 quum
401 3702 488 3755 prope
505 3685 594 3740 forum
612 3685 692 3741 suerit
710 3685 779 3740 illud
798 3684 975 3755 gymnasium,
993 3683 1132 3738 vocabulis
1154 3679 1244 3744 στῆσαι
1267 3683 1295 3733 ἐν

156 3770 248 3842 ἀγορᾷ
263 3772 293 3828 id
310 3773 434 3843 indicari,
453 3774 526 3842 quod
544 3770 695 3831 dommine
714 3773 850 3828 diceretur
872 3771 971 3836 στῆσαι·
986 3773 1015 3822 ἐν
1033 3771 1198 3840 Πτολεμαίῳ.
1235 3769 1294 3822 Imo

154 3877 189 3914 ex
206 3878 259 3916 uno
277 3862 387 3930 quidem
403 3861 484 3916 titulo
506 3865 522 3916 2
541 3879 567 3916 v.
578 3866 622 3918 48.
641 3866 676 3918 97
694 3861 817 3916 videmus
835 3861 889 3915 duo
907 3859 1028 3914 eiusdem
1039 3858 1112 3914 tituli
1130 3857 1295 3928 exemplaria

154 3951 279 4006 confecta
296 3965 368 4020 esre,
392 3959 507 4016 querum
523 3950 641 4007 alterum
663 3949 813 4020 erigeretur
829 3949 859 4002 in
876 3948 948 4016 foro,
973 3947 1089 4003 alterum
1108 3935 1141 3998 od
1159 3942 1194 3996 ἂν
1212 3945 1295 4024 ἑνικὴ,-

153 4041 227 4092 dem
245 4041 317 4094 εῖναι
332 4040 469 4107 polmus.
511 4037 591 4094 Hanc
606 4039 723 4096 alteram
739 4037 820 4092 fuisse
837 4041 918 4106 puto,
942 4051 1012 4104 quae
1028 4036 1057 4090 iu
1073 4034 1231 4090 Ptolemaeo
1247 4050 1295 4104 po·

151 4129 206 4184 citu
231 4133 274 4184 est
298 4126 451 4196 inscriptio.
495 4126 566 4186 Nam
588 4127 698 4200 tibrhnm
721 4126 840 4181 honores
853 4159 855 4167 ·
869 4125 1037 4194 epheborum
1062 4121 1221 4178 efferentem
1248 4122 1295 4188 uhi

151 4219 239 4289 mgis
256 4216 402 4282 ἐπιτήδειον
426 4218 486 4272 erat
503 4215 609 4284 erigere
633 4229 713 4284 quam
735 4215 764 4268 in
783 4215 921 4284 gymnasio
945 4213 1131 4282 epheborum?
1165 4209 1295 4266 Similiter

154 4307 257 4362 decreti
274 4308 337 4360 Φιλ.
357 4311 380 4358 Β
405 4322 434 4374 p.
454 4305 524 4373 238,
549 4305 623 4372 qnod
647 4310 691 4358 est
712 4304 748 4358 de
773 4305 806 4358 iis
830 4319 899 4372 quae
923 4302 1038 4372 ephebis
1058 4299 1165 4371 agenda
1189 4298 1243 4352 sint
1266 4298 1295 4350 in

150 4395 351 4450 Eleusiniornm
368 4393 451 4464 ferto,
476 4390 587 4446 Athenis
604 4394 658 4448 duo
675 4392 842 4461 exemplaria
861 4392 1014 4460 eriguntur,
1042 4388 1156 4444 alterurn
1174 4387 1203 4440 in
1216 4385 1296 4442 Eleu·

151 4485 229 4550 sinic,
247 4485 365 4540 alterum
382 4483 411 4536 in
429 4481 581 4550 Diogenen.
1316 4466 1324 4477 ⁸

1013 4577 1058 4642 4*
