3082 5076
660 1162 789 1231 PARS
819 1163 987 1230 PRIOR.

314 1310 385 1394 nn
415 1307 649 1394 areanis
678 1309 914 1393 nraeeln
953 1289 1331 1392 uarronuroln.
1368 1271 1370 1282 ’
1420 1359 1423 1366 .

655 1521 658 1524 ·
777 1510 805 1593 ξ.
837 1510 864 1570 1.

337 1620 503 1706 Ephebiae
533 1641 650 1688 nomen
681 1626 714 1687 et
747 1621 933 1687 institutum
970 1617 1056 1703 apud
1086 1617 1211 1682 Atticos
1245 1615 1400 1698 antiquos

251 1727 430 1794 arctissime
454 1747 526 1792 cum
549 1725 679 1790 civitate
702 1730 735 1791 et
756 1725 852 1791 rebus
874 1722 1012 1808 publicis
1033 1725 1238 1810 conjunctum
1259 1720 1330 1785 fuit.

339 1831 468 1897 Scilicet
491 1830 606 1896 civium
621 1831 802 1896 Atticorum
823 1830 890 1910 filii,
915 1850 1013 1913 quum
1035 1828 1322 1910 duodevigesimum
1345 1847 1400 1890 ae-

250 1936 330 2002 tatis
353 1956 473 2000 annum
494 1940 627 2019 agerent
640 1935 679 2019 ¹),
702 1955 785 2019 quae
808 1940 899 2000 aetas
923 1955 1019 2018 saepe
1042 1932 1240 2018 significatur
1260 1931 1400 1997 formula

251 2040 309 2106 illa
331 2060 351 2105 a
373 2040 482 2105 multis
504 2037 587 2104 male
609 2038 772 2105 intellecta
800 2037 951 2113 ἐπιδίετες
972 2035 1104 2122 ἡβῆσαι,
1133 2038 1182 2102 ita
1210 2041 1248 2101 ut
1269 2034 1329 2120 ἥβη
1350 2035 1400 2100 in·
1430 2092 1440 2097 -

166 2129 175 2141 ’
252 2143 350 2227 cipiet
373 2141 414 2208 ab
437 2162 521 2208 anno
534 2147 625 2208 sexto
640 2140 773 2224 decimo,
796 2142 830 2206 in
851 2141 966 2208 civium
981 2162 1150 2210 numerum
1171 2131 1292 2224 recepti
1313 2145 1399 2205 sunt.

195 2309 197 2314 .
254 2241 346 2324 Quod
368 2247 416 2312 ita
436 2244 536 2312 fiebat
557 2251 594 2311 ut
615 2251 690 2329 post
711 2245 936 2331 probationem
956 2246 1118 2330 legitimae
1140 2244 1273 2330 originis
1297 2243 1401 2329 (doar-

246 2351 364 2435 μασία)
386 2371 406 2416 a
428 2349 565 2416 demotis
585 2350 770 2416 institutam
791 2351 825 2415 in
846 2350 976 2430 tabulas
998 2350 1143 2435 publicas
1165 2351 1212 2435 (ed
1237 2348 1401 2433 ληξιαρχι-

254 2455 312 2521 κὸν
332 2455 561 2541 γραμματεῖον)
584 2455 669 2520 demi
691 2458 759 2542 ejus
781 2454 823 2520 ad
838 2477 934 2540 quem
956 2455 1165 2539 pertinerent,
1187 2452 1400 2520 inscriberen-

253 2561 316 2626 tur.
350 2560 429 2626 Post
450 2559 533 2626 hanc
554 2559 795 2644 inscriptionem
805 2560 833 2646 ²)
857 2582 939 2646 quae
962 2559 1063 2626 fiebat
1077 2581 1115 2626 eo
1132 2558 1193 2639 die,
1216 2579 1279 2642 quo
1302 2558 1401 2623 etiam

254 2687 313 2750 per
334 2664 476 2750 singulos
509 2663 622 2731 domos
654 2665 863 2750 magistratus
895 2665 1095 2750 eligebantur
1129 2661 1360 2750 (degererentur)
1371 2663 1401 2748 ⁵)

327 2853 412 2922 1)1)θ
432 2852 485 2906 hac
507 2849 637 2920 temporie
659 2849 815 2904 definitione
839 2855 902 2920 post
928 2849 1094 2905 Bceckhium
1117 2851 1150 2905 A.
1169 2850 1341 2919 Schaeferue,
1366 2849 1401 2903 de

255 2939 438 2995 Demosthene
463 2945 515 2994 etc.
539 2941 594 2994 vol.
611 2939 660 3010 111,
680 2942 705 2994 2.
724 2959 751 3010 p.
763 2943 797 2994 19
813 2957 872 3008 sqq.
890 2940 929 2993 ita
943 2941 1015 3012 egit,
1037 2946 1068 2995 ut
1084 2941 1140 2994 iam
1157 2940 1226 2993 nihil
1244 2939 1321 2994 dubii
1338 2939 1401 2992 reli·

256 3033 331 3082 otum
349 3029 391 3083 sit.
427 3029 461 3084 Id
477 3047 561 3083 unum
579 3045 634 3083 non
651 3023 716 3083 satis
733 3032 847 3093 conset,
867 3032 958 3082 utrum
977 3029 1012 3083 de
1029 3029 1161 3099 absoluto,
1178 3034 1209 3083 ut
1226 3029 1321 3083 volunt
1339 3029 1404 3082 Cor·

255 3119 328 3174 sinus
345 3119 378 3172 F.
400 3118 432 3172 Α.
450 3119 486 3185 II,
509 3121 612 3189 p.318.
648 3119 761 3174 Voemel
778 3118 883 3172 Ztsohr.
907 3117 926 3171 f.
950 3117 1066 3172 Alterth.
1084 3117 1248 3173 Wissensch.
1275 3119 1402 3186 resep.

259 3211 318 3278 126,
338 3225 373 3262 an
383 3207 417 3262 de
426 3208 494 3261 inito
507 3207 727 3278 duodevigesimo
738 3224 810 3261 anno
829 3203 1001 3274 (Scheeferp.
1012 3208 1066 3277 35.)
1085 3207 1260 3277 cogitandum
1270 3207 1320 3276 sit3
1337 3225 1402 3261 nam

256 3297 383 3350 cohaeret
401 3295 469 3350 haec
495 3295 615 3364 quaestio
639 3312 701 3349 cum
729 3295 931 3349 intricatissima
954 3296 1002 3348 illa
1023 3313 1090 3365 quae
1115 3300 1157 3366 eat
1176 3298 1210 3350 de
1228 3314 1298 3352 anno
1318 3295 1403 3350 natali

153 3440 157 3448 ,
256 3384 456 3439 Demosthenis.
491 3383 520 3437 si
538 3384 609 3436 enim
626 3383 699 3437 hunc
716 3383 849 3438 Dexitheo
873 3384 1002 3438 archonte
1021 3383 1286 3457 (elaeonem
1310 3387 1403 3440 stetui

257 3490 332 3543 mus,
356 3473 387 3527 id
408 3473 481 3541 quod
502 3473 765 3544 Pseudoplutarohus
789 3475 818 3527 in
842 3472 904 3527 vitis
928 3473 1024 3527 decern
1042 3479 1180 3528 oratorum
1198 3475 1297 3546 tradit,
1320 3492 1403 3544 quum

257 3563 316 3631 ipse
334 3559 384 3630 (or.
402 3565 447 3616 30.
465 3560 490 3631 ᾗ.
507 3565 549 3616 17.
566 3562 601 3617 ef.
619 3563 733 3620 Voemel
746 3563 766 3616 l.
783 3563 813 3632 1.)
832 3561 1015 3631 cephisodoro
1042 3563 1171 3618 archonte
1197 3581 1225 3618 se
1242 3563 1404 3634 inscriptum

258 3652 339 3721 dicat,
357 3650 393 3705 ad
404 3651 547 3704 minimum
564 3652 814 3722 duodevigesimum
829 3667 929 3704 annum
947 3651 1108 3722 absolverat,
1126 3669 1189 3706 cum
1200 3652 1402 3706 inscriberetur.

329 3741 356 3810 2)
374 3739 528 3796 Voemelius
546 3740 597 3794 1.1.
616 3759 643 3810 p.
656 3743 718 3795 123.
734 3739 938 3809 inscriptionem
953 3754 1010 3810 post
1026 3742 1211 3798 iusiurandum
1228 3742 1328 3796 factam
1346 3759 1404 3796 esse

258 3829 338 3898 dioit,
365 3828 457 3882 neseio
482 3846 535 3897 qua
558 3829 593 3884 de
618 3847 707 3884 causa.
743 3829 810 3884 Mihi
828 3833 910 3900 oerte,
928 3849 1080 3900 quanquam
1109 3833 1143 3887 de
1158 3831 1210 3886 hac
1227 3847 1258 3884 re
1274 3830 1342 3883 nihil
1360 3847 1404 3883 ex-

257 3922 351 3987 pre'sse
368 3917 468 3973 dieitur
484 3918 652 3988 abantiquis
671 3919 862 3988 scriptoribus,
886 3924 979 3974 tamen
1003 3939 1096 3977 eorum
1114 3921 1169 3976 loci
1184 3919 1267 3988 (velut
1287 3921 1404 3989 Lycurg.

257 4007 353 4063 Leoer.
371 4006 396 4077 ξ.
415 4007 468 4078 76.)
486 4007 574 4077 magis
592 4023 624 4061 eo
642 4007 741 4061 ducere
757 4006 899 4079 videntur,
926 4015 957 4064 ut
982 4011 1057 4081 prius
1086 4012 1231 4082 inscriptos
1257 4025 1316 4065 esee
1332 4010 1405 4064 iuve-

137 4112 144 4122 ‘
258 4113 320 4163 nes,
337 4095 443 4172 deinde,
453 4096 554 4151 iurasse
571 4099 729 4150 statuamus.
1173 4127 1184 4158 r

333 4187 359 4256 3)
378 4200 430 4254 quo
453 4189 577 4254 tempore
599 4185 653 4239 hoe
677 4185 778 4239 factum
792 4185 842 4256 sit,
868 4204 918 4257 pro
943 4193 1019 4244 certo
1037 4189 1093 4243 dici
1110 4153 1211 4258 nequit.
1247 4187 1405 4242 Scheeferus

258 4292 286 4344 p.
306 4277 350 4330 29.
368 4273 418 4328 rub
436 4273 525 4342 ipsum
542 4275 606 4330 anni
623 4273 705 4328 finem
723 4279 770 4329 aut
786 4275 859 4330 intra
874 4276 927 4332 duo
951 4278 1053 4348 primos
1070 4277 1234 4346 insequentis
1251 4277 1314 4330 anni
1330 4293 1405 4330 men-

259 4383 301 4419 ses
319 4365 421 4421 factum
439 4381 496 4419 esse
514 4364 656 4434 probabile
673 4364 773 4419 reddit.
799 4425 801 4430 .

1525 3397 1526 3422 l

1525 3509 1526 3546 l

1437 4159 1448 4182 N

1525 4823 1526 4844 l

1525 4871 1526 4892 l

1525 4955 1526 4980 l

1525 5001 1526 5024 r

1525 5025 1526 5066 l
