3082 5076
453 1423 959 1510 PROLEGOMENA.

213 1730 275 1795 Per
295 1729 505 1815 longinquum
523 1731 679 1814 temporis
702 1731 860 1814 spatium,
890 1731 974 1816 quod
998 1737 1089 1816 patet
1109 1731 1177 1798 iare
1198 1731 1273 1796 inde

129 1835 171 1900 ab
202 1834 374 1902 Alexandri
406 1834 591 1902 Macedonis
619 1840 728 1902 aetate
761 1856 863 1919 usque
896 1836 939 1901 ad
972 1837 1106 1904 tertium
1135 1857 1167 1920 p.
1192 1832 1272 1904 chr,
1324 1833 1330 1847 “

130 1940 299 2022 saeculum,
323 1941 363 2008 de
385 1941 520 2007 internis
543 1941 683 2008 civitatis
707 1942 835 2008 Atticae
859 1941 954 2008 rebus
978 1964 1077 2028 quum
1100 1942 1272 2025 scriptores

127 2046 194 2111 fere
225 2045 305 2111 nihil
336 2046 469 2112 tradant
500 2067 540 2112 ex
567 2046 644 2112 solis
673 2047 778 2112 tituhs
807 2047 961 2114 certiores
990 2047 1061 2115 fieri
1090 2068 1271 2132 possumus.

126 2150 176 2216 Ex
198 2150 315 2233 quibus
337 2149 560 2234 intelligimus,
589 2149 711 2216 nullam
733 2171 802 2216 rem
823 2151 1003 2234 graviorem
1025 2153 1059 2216 in
1080 2157 1153 2218 tota
1178 2171 1271 2234 repu-

126 2255 210 2321 blica
238 2253 398 2336 habitam,
429 2254 463 2319 in
491 2253 612 2320 nrrllam
646 2255 801 2319 maiorem
838 2274 948 2320 curam
980 2255 1160 2340 impensam
1191 2277 1272 2336 esse,

126 2379 222 2445 quam
245 2359 279 2424 in
301 2379 340 2424 ea
361 2359 528 2440 instituta,
548 2378 631 2442 quae
653 2358 694 2424 ad
717 2359 847 2424 iuvenes
875 2358 942 2423 sive
971 2357 1113 2444 ephebos
1134 2361 1272 2444 pertine-

125 2469 208 2545 rent,
230 2464 278 2530 ita
299 2463 404 2548 utqui
425 2483 534 2529 veram
556 2468 589 2528 et
608 2468 793 2528 accuratam
813 2462 1009 2548 reipublicae
1020 2463 1272 2545 Atheniensium,

88 2557 90 2564 ’
126 2569 230 2653 qualis
252 2567 430 2649 inuoluit,
461 2567 710 2652 descriptionem
731 2587 913 2650 proponere
935 2566 1028 2649 velit,
1052 2568 1081 2632 ei
1103 2588 1156 2635 res
1178 2569 1272 2652 ephe-

125 2669 258 2754 borum,
282 2693 364 2756 quae
386 2693 459 2738 cum
480 2671 640 2738 institutis
664 2670 862 2754 reipublicae
893 2677 926 2737 et
948 2671 1051 2738 sacris
1073 2678 1107 2738 et
1127 2671 1271 2756 profanis

127 2778 309 2846 arctissime
341 2777 530 2843 coniunctae
565 2780 657 2857 suut,
688 2775 818 2840 minime
846 2775 1055 2860 negligendae
1084 2776 1270 2844 videantur:

126 2882 233 2961 Quare
263 2903 328 2948 non
361 2881 509 2947 inutilem
542 2899 674 2964 operam
703 2899 775 2944 esse
807 2879 935 2962 putavi,
974 2879 1081 2946 omnia
1116 2900 1199 2964 quae
1232 2902 1271 2947 eo

126 2991 310 3071 spectarent
331 3007 371 3050 ex
392 2986 497 3051 titulis
519 3005 617 3069 quam
639 2984 881 3050 accuratissime
902 3004 1102 3066 componere.

210 3091 295 3158 Nam
324 3096 459 3174 egerunt
492 3087 623 3174 quidem
651 3088 692 3154 de
727 3087 924 3172 epheborum
954 3086 1052 3154 rebus
1084 3087 1178 3154 multi
1206 3089 1271 3154 iam

127 3197 220 3281 eique
250 3195 428 3262 doctissimi
456 3193 618 3260 homines:
653 3214 693 3260 ex
716 3190 952 3276 antiquioribus
984 3190 1154 3258 Corsinum
1186 3215 1270 3261 com·

124 3320 276 3381 memoro,
299 3299 354 3383 qui
376 3299 410 3364 in
431 3298 540 3366 Fastis
562 3297 680 3362 Atticis
701 3295 763 3362 vol.
786 3295 818 3360 11
839 3315 871 3378 p.
898 3299 957 3360 132
972 3317 1043 3379 sqq.
1067 3316 1122 3360 eas
1144 3302 1268 3364 tracta-

125 3405 185 3487 vit3
207 3403 309 3470 multo
331 3424 407 3470 vero
429 3403 560 3469 maioris
582 3401 735 3468 momenti
758 3405 842 3480 sunt,
866 3420 949 3483 quae
969 3399 1150 3466 Boeckhius
1172 3421 1270 3486 quum

124 3511 156 3574 in
181 3507 446 3576 adnotationibus
476 3508 518 3573 ad
546 3527 662 3592 corpus
689 3504 936 3588 inscriptionum
958 3503 1172 3585 Graecarum,
1202 3510 1269 3570 tum
1339 3519 1342 3526 ’

124 3615 158 3679 iu
195 3612 520 3680 commentationibus
561 3611 685 3678 duabus
725 3608 779 3694 (de
817 3608 953 3692 ephebia
985 3609 1019 3674 in
1054 3608 1159 3674 indice
1195 3607 1268 3676 lect.
1315 3657 1321 3670 .

15 3734 18 3744 ’
123 3718 230 3784 Berol.
254 3722 334 3784 aest.
367 3719 459 3782 1819.
489 3717 528 3782 de
550 3715 746 3782 militaribus
776 3711 971 3796 epheborum
999 3712 1158 3779 tirociniis
1187 3711 1267 3778 ibid.

128 3820 244 3908 18¹⁹l20
258 3820 305 3908 ¹))
327 3820 486 3904 exposuit.
530 3819 705 3884 Praeterea
717 3817 815 3883 etiam
836 3817 863 3881 I.
875 3816 916 3881 Η.
928 3815 1055 3883 Krause
1077 3815 1151 3902 (Die
1172 3814 1268 3902 Gym-

124 3925 233 3991 nastik
260 3924 328 3990 und
349 3923 520 4008 Agonistik
541 3923 599 3988 der
620 3923 775 3988 Hellenen
798 3924 816 3984 2
839 3919 913 3985 roll.
936 3919 1066 4006 Lipsiae
1092 3921 1207 4006 1841),
1230 3920 1266 3985 F.

124 4029 164 4094 H.
175 4030 212 4094 L.
225 4029 379 4110 *Ahrena
403 4027 459 4116 (de
480 4027 680 4094 Athenarum
702 4031 792 4093 statu
812 4025 945 4109 pohtico
968 4032 1001 4092 et
1023 4025 1168 4090 utererio
1192 4025 1267 4091 inde

184 4197 224 4266 =1)
241 4195 385 4264 Repetitae
401 4198 465 4252 sunt
482 4195 511 4249 in
528 4194 613 4249 libro:
633 4194 667 4249 G.
684 4193 816 4264 Seebode,
833 4193 923 4250 Neues
940 4191 1042 4249 Archiv
1059 4190 1077 4245 f.
1095 4189 1195 4246 Philol.
1213 4195 1267 4246 eto.

124 4286 196 4341 1828
213 4283 280 4338 Heia
298 4287 314 4337 3
333 4301 362 4354 p.
380 4285 415 4338 78
430 4301 503 4354 sqq„
522 4284 598 4338 cuius
616 4276 681 4337 libri
706 4283 820 4353 paginas
839 4299 891 4354 ego
911 4281 940 4336 in
958 4279 1102 4338 afferendis
1120 4280 1174 4333 illis
1192 4296 1267 4336 com-

123 4369 336 4430 mentationibui
353 4371 516 4428 adscribam.

857 4477 870 4500 Ι
965 4471 986 4530 1¹
