3082 5076
793 259 834 319 20

241 453 281 496 ne
311 428 497 514 peregrinos
532 427 658 510 quidem
682 447 703 490 a
732 427 853 492 civibus
886 433 1052 510 separatos
1075 427 1208 513 propria
1231 426 1389 509 quaedam

243 536 387 616 τάγματα
424 532 628 597 constituisse
663 531 758 596 docet
787 530 822 595 C.
844 532 870 595 I.
894 530 950 596 Gr.
975 536 1049 613 285,
1083 531 1139 597 ubi
1172 531 1237 595 iam
1268 530 1390 595 Boeck-

242 641 315 705 hius
338 659 377 703 ea
398 639 544 716 nomina,
574 635 691 720 quibus
714 636 798 701 demi
820 635 975 720 adscripti
997 658 1061 703 non
1084 634 1221 702 suntad
1245 637 1392 719 peregri-

244 766 303 810 nos
326 741 446 808 retulit.

330 847 454 913 Nomen
473 846 580 928 ipsum
602 844 785 926 σύστρεμμα
808 843 849 908 ab
876 844 1073 909 exercituum
1104 827 1251 928 partibus
1273 845 1392 928 repeti·

244 961 312 1019 tum
337 952 391 1029 (cf.
414 950 554 1014 Bursian
575 949 596 1012 l.
613 948 653 1033 1.)
674 948 758 1013 hano
784 948 971 1014 divisionem
1002 950 1148 1032 inprimis
1171 952 1286 1019 adres
1309 950 1392 1016 mili-

245 1066 333 1124 tares
355 1060 516 1140 spectasse
539 1054 656 1137 arguit.
702 1052 765 1119 Sed
796 1053 894 1118 etiam
915 1052 1055 1118 inludis
1078 1059 1110 1119 et
1131 1057 1255 1140 pompis
1279 1054 1392 1121 solem-

215 1189 222 1207 =
245 1165 340 1231 nibus
363 1183 435 1228 eam
462 1159 535 1225 usui
564 1157 663 1223 fuisse
684 1156 854 1223 verisimile
878 1162 940 1237 est3
968 1162 1007 1222 et
1028 1159 1185 1241 siquidem
1207 1163 1394 1227 coniectura

246 1289 319 1334 mea
340 1285 418 1332 vera
440 1269 489 1329 est
512 1261 567 1344 (of.
591 1261 707 1344 capss
729 1267 758 1344 §.
773 1264 806 1338 5]
829 1261 926 1326 etiam
948 1283 1073 1328 mamm
1095 1265 1260 1331 custodiae
1282 1264 1392 1348 ah'quo

246 1371 341 1437 modo
363 1366 567 1434 inserviebat.

331 1475 432 1539 Plane
461 1469 622 1555 singulare
645 1469 782 1551 denique
805 1473 864 1550 est,
887 1469 970 1553 quod
1001 1469 1069 1552 Ἐφ.
1092 1467 1164 1552 cipp.
1190 1492 1259 1553 mo.
1280 1475 1321 1534 B.
1337 1471 1394 1549 α’ρ.

252 1586 313 1646 107
336 1584 417 1644 extr.
441 1577 544 1652 τάξεις
566 1575 724 1660 quaedam
755 1572 949 1658 epheborum
972 1581 1280 1656 commemorantur,
1310 1595 1395 1660 quae

253 1685 413 1770 quomodo
436 1703 456 1746 6
485 1680 718 1766 systremmatis
740 1679 886 1744 diversae
907 1679 1026 1743 fiterint
1048 1684 1080 1743 et
1102 1701 1166 1764 quo
1190 1680 1323 1745 consilio
1345 1681 1395 1745 in·

248 1793 393 1868 stitutae,
416 1808 456 1852 ne
480 1785 637 1869 suspicari
660 1783 787 1868 quidem
808 1783 893 1849 licet.

339 1897 367 1956 3.
412 1891 484 1955 Non
507 1890 652 1971 ineptum
676 1887 754 1967 erit,
776 1886 928 1954 hocloco
951 1887 1104 1953 nonnulla
1133 1887 1173 1952 de
1194 1887 1234 1953 iis
1256 1887 1396 1952 vocabu-

200 2033 202 2039 *
249 1999 289 2064 hs
311 1995 448 2074 addere,
479 1991 596 2076 quibus
618 1990 704 2054 ratio
727 1995 760 2054 et
781 1991 1007 2072 necessitudo,
1037 2013 1121 2076 quae
1142 1993 1229 2056 inter
1250 1990 1396 2074 ephebos
1456 2033 1458 2038 -

249 2099 445 2177 intercedat,
487 2093 659 2179 significari
696 2092 787 2158 solet.
828 2094 890 2159 'Ex
921 2095 1038 2179 quibus
1070 2095 1307 2160 usitatissinum
1342 2103 1396 2161 est

250 2202 379 2288 φίλοι,
403 2200 490 2284 quod
504 2219 600 2282 saepe
611 2199 709 2262 etiam
721 2197 793 2262 aliis
806 2199 980 2280 vocabulis,
1005 2222 1138 2283 quorum
1150 2200 1197 2264 vis
1209 2200 1395 2265 minusiate

249 2314 357 2393 patet,
381 2312 536 2390 tanquam
560 2308 785 2369 ornamentum
808 2303 974 2384 adiicitur,
997 2305 1085 2370 velut
1110 2303 1199 2388 φίλοι
1221 2308 1273 2366 καὶ
1299 2307 1396 2366 συνέ-

250 2413 349 2494 φηβοι
379 2407 413 2472 Ο.
436 2407 461 2472 Ι.
492 2406 548 2472 Gr.
573 2410 646 2470 266.
671 2409 733 2470 269
770 2405 834 2470 aa
865 2409 902 2471 A
921 2428 952 2490 p.
977 2411 1040 2471 428
1063 2428 1093 2472 n.
1120 2411 1148 2472 3.
1183 2409 1260 2490 l'p.
1285 2411 1325 2470 62
1350 2406 1395 2471 al.
1521 2473 1522 2492 ,

251 2539 287 2597 φ.
309 2518 362 2576 καὶ
384 2512 534 2576 camdem
564 2510 598 2575 O.
620 2509 645 2574 Ι.
670 2508 726 2575 Gr.
751 2514 824 2575 268.
879 2511 1115 2594 Nonnunquam
1148 2511 1212 2576 aha
1244 2511 1393 2594 epitheta

250 2619 399 2686 ornantia
426 2616 605 2696 adduntur,
638 2614 726 2680 velut
747 2618 856 2698 γοργοί
878 2615 932 2701 (de
961 2617 1050 2681 cuius
1073 2617 1105 2680 ui
1135 2617 1173 2680 cf.
1197 2615 1326 2682 Boeckh
1349 2617 1393 2680 ad

251 2723 285 2788 Ο.
308 2723 332 2787 Ι.
357 2721 413 2787 Gr.
435 2743 466 2786 n.
491 2720 579 2805 282.)
602 2725 635 2784 et
653 2717 777 2804 γνήσιοι
792 2719 844 2802 ¹0).
889 2719 1026 2785 Videtur
1046 2721 1145 2804 igitur
1176 2717 1270 2785 huius
1300 2741 1396 2784 voca-

250 2826 319 2892 buli
340 2846 416 2890 usus
440 2831 507 2890 tam
528 2822 596 2888 late
617 2827 748 2905 patere,
771 2828 809 2887 ut
830 2844 963 2906 prorsus
985 2824 1019 2888 in
1041 2824 1224 2889 universum
1247 2824 1395 2889 intimam

251 2926 426 2995 amicitiam
448 2947 531 3010 quae
552 2927 637 2990 inter
659 2945 768 2990 omues
784 2925 925 3009 ephebos
946 2926 1126 2993 intercedat
1148 2928 1313 3010 significet,
1335 2948 1396 2992 ne·
1521 2997 1522 3006 ,

252 3053 314 3117 que
336 3031 470 3115 propria
493 3030 650 3114 quaedam
681 3030 872 3114 significatio
895 3032 1044 3113 subesse,
1082 3034 1272 3116 praesertim
1295 3055 1395 3117 quum
1521 3065 1522 3104 r

253 3159 292 3202 ea
324 3157 420 3220 quam
452 3134 632 3200 Boeokhius
666 3134 709 3198 ad
740 3132 774 3198 0.
798 3134 822 3200 1.
847 3134 903 3200 Gr.
933 3158 964 3200 n.
989 3141 1053 3200 287
1085 3139 1217 3219 statuit,
1250 3137 1392 3205 fortasse
1521 3189 1522 3212 ,

252 3239 368 3324 „primi
398 3239 474 3302 anni
502 3238 642 3323 ephebos
676 3238 815 3303 minores
837 3244 917 3304 natu
946 3239 1122 3306 maioribus
1155 3242 1286 3307 secundi
1315 3243 1393 3308 anni
1521 3263 1522 3328 J

183 3357 185 3362 '
252 3343 386 3427 ephebis
426 3347 582 3427 tanquam
624 3341 740 3428 φίλους
774 3343 950 3409 attributos
984 3344 1123 3425 fuisse,“
1153 3345 1219 3410 iam
1258 3350 1395 3430 propter

252 3469 306 3529 ea,
340 3467 423 3530 quae
451 3447 492 3512 de
522 3453 666 3530 ternpore
688 3446 843 3531 ephebiae
872 3447 957 3512 intra
984 3448 1089 3513 dicam
1120 3448 1304 3532 probabilia
1330 3471 1397 3516 non
1521 3479 1522 3492 ¹

252 3550 538 3720 Vl(leahbbbbulum
560 3653 709 3728 συστάτᾳι
731 3655 771 3720 de
802 3653 935 3738 ephebis
956 3654 1076 3739 duplici
1097 3657 1129 3721 vi
1151 3658 1279 3723 dicitur.
1323 3659 1395 3724 Pri-

256 3781 344 3825 mum
367 3758 493 3843 singula
526 3757 722 3841 epheborum
752 3759 862 3842 paria,
896 3761 1036 3842 quaein
1056 3763 1336 3850 gymnasiisinter
1359 3785 1395 3830 se

251 3863 371 3950 luctam
404 3862 532 3946 aliaque
570 3863 747 3928 nodamina
780 3862 993 3944 exercebant,
1026 3863 1087 3930 hoo
1117 3867 1246 3943 nomine
1275 3867 1397 3951 signifi-

326 4108 369 4176 10)
389 4107 464 4174 φίλοι
482 4105 581 4177 yopyoi
598 4109 703 4177 γνήσιοι
721 4108 751 4164 G.
771 4109 793 4162 Ι.
803 4107 851 4163 Gr.
862 4111 925 4164 282.
944 4113 1020 4179 otios
1037 4115 1136 4183 γοργοί
1150 4111 1209 4183 Ἐφ’.
1229 4113 1292 4185 rippa
1313 4119 1398 4173 2720.

179 4231 185 4243 ·
253 4199 342 4252 Lebas
359 4196 373 4249 Ι
389 4214 416 4248 n.
435 4198 498 4250 532.
535 4197 595 4249 est.
615 4204 636 4250 Δ
654 4216 682 4267 p.
702 4201 746 4253 78.
769 4197 945 4267 στεφανοῦσιν
971 4199 998 4252 oi
1016 4201 1159 4269 συνέφηβοι
1183 4231 1217 4240 -
1237 4205 1312 4271 φίλοι
1334 4225 1400 4276 γνη-

253 4290 327 4346 σίους
345 4284 390 4354 (an
409 4286 506 4353 φίλους
523 4289 676 4357 reposans)
696 4288 725 4343 C.
744 4282 767 4344 1'.
786 4291 833 4344 Gr·
852 4289 914 4342 287.
