3082 5076
798 311 839 372 26

246 497 304 561 per
325 478 456 561 quidem
477 479 510 544 in
533 481 629 545 certis
653 477 846 562 quibusdam
877 478 1105 544 certaminibus
1128 478 1230 564 (velut
1257 480 1292 544 in
1312 479 1398 546 larn-

246 582 330 665 pade
365 581 439 646 orl.
462 587 492 646 Γ
519 605 551 668 p.
579 588 640 648 154
666 582 707 648 al.
740 582 913 658 ἀκοντίζων
942 582 983 646 ἐκ
1020 587 1084 646 τῶν
1117 583 1251 668 ἐφήβων
1284 584 1328 651 ib.
1361 591 1399 647 B

246 709 278 770 p.
305 689 379 772 137)
402 708 506 770 neque
527 689 594 754 veri
617 686 720 753 simile
744 689 804 774 sit,
839 709 894 754 eos
917 688 1058 752 omniurn
1088 687 1221 753 aliorum
1246 689 1397 754 certami-

146 881 154 886 .
246 811 332 872 num,
355 792 411 858 ubi
433 793 620 858 nominatim
644 814 710 858 non
733 792 920 871 efferuntur,
943 797 1093 876 expertes
1110 792 1219 873 fixisse,
1243 792 1397 858 alterutri

248 917 287 960 ex
308 895 372 960 illis
395 895 563 962 ordinibus
585 880 790 962 adscribendi
813 903 898 963 sunt.
943 898 1050 981 Atque
1071 917 1143 963 mea
1166 897 1296 981 quidem
1319 919 1396 963 sen·

246 1001 350 1066 tentia
373 1001 506 1067 dubium
529 1022 598 1066 esse
621 1023 685 1067 non
707 1005 833 1086 potest,
857 1023 912 1068 eos
935 1002 976 1067 ad
998 1003 1148 1084 tertiam,
1180 1003 1215 1068 id
1237 1009 1288 1068 est
1307 1003 1394 1069 viro-

248 1127 320 1170 rum
341 1112 481 1171 aetatem
503 1107 675 1190 pertinere.
719 1106 862 1171 Primum
873 1107 958 1172 enim
981 1105 1142 1186 ἀγενείους
1163 1129 1395 1191 nonnunquam

249 1211 346 1275 etiarn
368 1231 542 1294 puerorum
562 1212 690 1276 nomine
713 1211 939 1295 comprehendi
962 1219 994 1276 et
1016 1212 1092 1277 viris
1112 1213 1231 1296 opponi
1246 1213 1396 1278 vidimus.

250 1317 293 1380 At
333 1315 449 1398 ephebi
485 1337 714 1400 nonnunquam
754 1317 881 1400 quidem
915 1315 1029 1391 παῖδες
1062 1317 1213 1382 dicuntur
1244 1315 1333 1402 (ott.
1362 1323 1400 1380 A

251 1439 283 1502 p.
309 1423 371 1482 518
408 1441 436 1484 v.
461 1424 490 1483 4.
515 1424 544 1482 6.
590 1423 620 1482 Γ
649 1439 680 1503 p.
702 1424 741 1483 61
769 1423 902 1501 ,,παισῐν
923 1418 1075 1512 duellet&
1100 1423 1131 1483 Γ
1151 1442 1182 1503 p.
1208 1425 1271 1484 277
1294 1443 1323 1484 v.
1350 1421 1396 1504 3).

250 1523 314 1588 Sed
336 1544 446 1590 omnes
468 1524 526 1589 hos
549 1524 638 1590 locos
661 1526 709 1590 ita
731 1531 936 1608 comparatos
960 1545 1048 1605 esse,
1073 1530 1111 1589 ut
1133 1525 1236 1609 magis
1256 1524 1296 1589 de
1319 1528 1398 1609 poli-

249 1628 315 1695 tioo
337 1635 371 1694 et
392 1628 562 1709 rhetorico,
586 1649 684 1712 quam
706 1629 746 1694 de
761 1629 893 1712 proprio
916 1628 1042 1694 dicendi
1055 1649 1172 1711 genere
1189 1629 1398 1713 cogitandum

251 1733 310 1812 sit,
340 1734 407 1797 iam
429 1734 502 1798 inde
525 1739 681 1816 apparet,
706 1734 792 1816 quod
816 1754 925 1798 omnes
948 1733 1093 1798 versibus
1117 1735 1287 1817 compositi
1310 1738 1397 1799 sunt.

254 1837 375 1903 Contra
396 1837 453 1903 ubi
476 1844 626 1902 accurate
649 1838 776 1919 dicitur,
800 1859 927 1921 semper
949 1838 1065 1921 ephebi
1086 1838 1147 1902 viri
1168 1842 1244 1902 sunt
1265 1844 1298 1903 et
1319 1858 1398 1922 pue·

254 1945 300 2009 ris
334 1930 548 2027 opp'onuntur.
593 1941 717 2008 Deinde
742 1942 814 2006 Φιλ.
839 1946 868 2005 Γ
891 1965 923 2026 p.
949 1947 1010 2006 154
1040 1943 1126 2007 inter
1152 1945 1336 2017 νεανίσκους
1365 1948 1400 2007 et

254 2045 396 2130 ἐφήβους
417 2046 636 2129 distinguitur.
680 2044 826 2130 Denique
849 2046 1027 2112 absolvitur
1048 2053 1119 2112 tota
1140 2037 1287 2130 dunestio
1310 2046 1400 2112 tituli

254 2151 288 2217 Ο.
312 2152 337 2216 Ι.
362 2151 418 2215 Gr.
444 2155 506 2215 246
534 2151 728 2217 testimonio.
767 2142 857 2215 ⁴Nam
877 2151 923 2217 ibi
952 2151 1051 2216 verba
1074 2151 1110 2214 dv
1133 2150 1169 2214 δ’
1191 2149 1248 2234 ἄρ’
1270 2150 1399 2236 ἤι’θέοι-

253 2274 303 2319 σιν
336 2255 505 2339 ἐφήβοισιν
536 2266 732 2338 κρατεροῖσιν
762 2255 819 2338 τὴν
848 2255 999 2340 nepum
1037 2255 1128 2333 ια’ξιν
1154 2253 1310 2337 Μάξιμος
1342 2253 1400 2342 ἦρε

255 2358 361 2445 πάλας
383 2359 563 2425 Boeclrhius
597 2358 715 2424 collato
738 2359 789 2424 tit.
813 2363 875 2422 245
912 2359 959 2424 ita
992 2359 1182 2443 explicanda
1205 2360 1330 2439 docuit,
1361 2367 1400 2425 ut

253 2465 429 2530 Maximum
453 2462 610 2547 ephebum
631 2463 782 2528 intentio
804 2463 926 2543 ordine,
955 2484 1050 2546 quem
1073 2483 1172 2545 supra
1194 2462 1330 2528 vidimus
1352 2464 1398 2528 vi·

254 2590 363 2636 rorum
390 2589 479 2650 esse,
509 2569 676 2634 victoriam
708 2575 892 2652 reportasse
925 2567 1057 2632 diceret.
1112 2568 1155 2633 Et
1183 2589 1282 2650 quum
1312 2569 1398 2634 inter

253 2675 341 2758 ipsos
364 2673 503 2757 ephebos
525 2673 652 2746 nullum*
670 2673 788 2738 aetatis
802 2672 972 2736 discrimen
987 2670 1200 2737 intercederet
1217 2671 1268 2756 (cl.
1283 2677 1349 2736 not.
1364 2674 1397 2756 2)

254 2798 361 2845 omnes
383 2776 498 2862 ephebi
521 2777 589 2842 sine
611 2776 709 2842 dubio
732 2775 774 2840 ed
795 2775 938 2840 virorum
960 2774 1105 2840 ordinem
1121 2775 1349 2860 pertinuerunt
1358 2775 1396 2862 9).

635 3019 773 3076 cAPUT
797 3018 1014 3074 ALTERUM.

286 3169 343 3233 DE
366 3161 708 3232 MAGISTRATIBUS
731 3161 786 3225 ΕΤ
808 3160 1068 3228 PRAEFEOTIS
1092 3161 1365 3230 EPHEBORUM.

786 3334 814 3418 s.
841 3338 868 3397 1.

345 3495 371 3554 1.
415 3488 484 3553 lam
506 3504 606 3570 supra
627 3483 703 3566 dixi,
725 3485 954 3569 rempublicam
968 3485 1083 3568 ipsam,
1117 3486 1148 3552 id
1172 3492 1222 3553 est
1243 3489 1399 3572 populum

256 3603 289 3663 et
310 3600 473 3673 senatum,
504 3611 601 3675 penes
628 3611 708 3673 quos
737 3589 771 3654 in
797 3589 965 3673 republica
995 3611 1120 3657 summa
1148 3597 1292 3675 potestas
1315 3600 1397 3675 erat,

256 3766 371 3776 .-.-.—-—·-
378 3765 462 3771 -——----

327 3849 354 3918 9)
372 3845 449 3914 Quod
466 3844 559 3900 monui
579 3843 642 3914 quia
658 3843 789 3898 Boeckhii
812 3843 896 3898 verba
920 3842 955 3897 ad
975 3843 1004 3897 C.
1022 3842 1045 3896 1.
1066 3843 1112 3898 Gr.
1136 3860 1163 3896 n.
1183 3845 1245 3898 246.
1289 3840 1400 3912 „Tertia

255 3937 345 4006 (τάξις)
368 3940 410 3989 est
427 3932 527 3998 ἠϊθέων
550 3935 657 4003 ἐφήβων
673 3933 816 4002 κρατερῶν,
838 3932 910 4001 qnod
936 3933 1063 3986 convenit
1086 3933 1115 3984 in
1140 3931 1259 4000 ephebos
1285 3947 1331 3984 eos
1355 3931 1401 3998 qui

236 4051 237 4054 ¹
256 4029 293 4087 εἰς
309 4025 414 4094 ἄνδρας
432 4023 649 4094 ἐγγεγραμμένοι
668 4020 810 4077 dicuntur“
829 4023 1044 4092 ambiguarum,
1064 4039 1144 4089 quum
1156 4022 1195 4086 ita
1210 4021 1327 4090 intelligi
1339 4037 1399 4089 pos·

257 4119 320 4187 sint,
339 4120 467 4184 tanquam
485 4130 540 4167 non
557 4129 651 4167 omnes
676 4111 775 4181 ephebi
799 4113 836 4172 εἰς
854 4111 958 4182 ἄνδρας
976 4110 1192 4184 ἐγγεγραμμένοι
1218 4109 1327 4164 firemnt.
1364 4109 1402 4164 Et

258 4223 288 4261 re
306 4223 370 4260 vera
396 4205 436 4258 ita
462 4202 598 4257 intellexit
614 4200 743 4255 Krausius
760 4200 774 4253 I
791 4219 820 4270 p.
840 4205 901 4256 269.
940 4201 1035 4274 „Nach
1051 4200 1176 4256 Boeckhs
1193 4201 1325 4269 Meinung
1342 4216 1399 4254 ver-

257 4300 347 4349 traten
370 4293 416 4348 die
439 4294 553 4346 dlteeten
578 4292 722 4347 dorselben
748 4289 808 4359 (der
824 4290 968 4362 Ephaben)
993 4290 1037 4346 die
1064 4289 1161 4360 ἄνδρες
1183 4289 1212 4344 in
1230 4290 1280 4345 der
1299 4292 1402 4358 erstge-

259 4388 379 4440 nsnnten
397 4381 551 4437 Insohrift.“
