3082 5076
704 333 742 394 31

236 494 411 564 Praeterea
431 497 538 581 magni
561 503 709 584 sumptus
732 522 804 566 cum
827 501 932 570 officio
953 509 1114 572 cosmetae
1131 507 1292 576 coniuncti

147 608 253 684 erant,
275 625 373 686 quum
389 626 454 670 non
476 603 579 670 solum
601 606 873 691 adanathemata,
897 633 980 694 quae
993 612 1108 696 ephebi
1130 615 1292 698 dicabant,

148 710 304 791 pecuniae
334 715 459 792 partem
493 709 638 776 conferre
671 712 790 778 soleret
813 716 863 798 (2,
887 721 938 781 79.
969 722 1005 795 5,
1029 719 1083 802 37)
1107 719 1163 787 sed
1194 722 1292 786 etiam

149 813 248 878 inser.
275 819 290 878 1
314 837 343 880 v.
368 819 407 878 35
431 815 579 880 sacrificii
609 816 697 882 illius
727 818 878 898 initialis,
911 825 947 900 5,
971 825 1011 886 27
1045 821 1126 888 adeo
1153 825 1293 892 omnium

150 938 237 1000 quae
270 939 330 1002 per
368 919 523 1002 ephebiae
558 925 684 1004 tempus
714 922 836 990 fiebant
868 925 1098 992 sacrificiorum
1131 930 1294 1012 impensas

150 1021 221 1104 ipse
267 1024 435 1089 sustulisse
464 1024 607 1105 dicatur;
650 1027 773 1092 accedit
810 1031 897 1112 quod
931 1036 946 1095 1
978 1054 1006 1097 v.
1031 1037 1071 1098 41
1112 1033 1293 1117 peribolum

149 1129 308 1211 gymnasii
352 1128 407 1212 qui
452 1129 636 1195 conciderat
676 1150 716 1196 ex
758 1153 818 1198 sua
850 1154 885 1198 re
928 1134 1080 1202 familiari
1120 1140 1292 1206 restituen-

150 1233 228 1298 dum
249 1237 354 1298 curat.

236 1358 348 1441 Neque
369 1358 509 1423 minores
531 1377 608 1424 vero
638 1360 825 1426 muneribus
852 1360 990 1428 honores
1015 1364 1146 1431 luerunt
1176 1367 1293 1450 quibus

149 1468 294 1530 cosmeta
316 1462 530 1544 afficiebatur,
554 1484 651 1546 quum
674 1471 805 1547 praeter
827 1486 979 1531 coronam
1000 1488 1020 1532 a
1042 1469 1160 1552 populo
1182 1468 1292 1534 datam

149 1569 250 1634 etiam
272 1567 313 1632 ab
337 1566 469 1651 ephebis
492 1569 653 1651 quotamis
667 1589 787 1634 corona
797 1590 898 1635 aurea
910 1580 1091 1655 ornaretur,
1114 1579 1147 1639 et
1161 1575 1294 1658 insuper

94 1706 99 1710 ·
150 1677 261 1739 statua
283 1693 411 1757 quoque
434 1673 465 1737 ei
487 1680 677 1757 poneretur,
700 1681 737 1741 ut
758 1677 906 1742 omittam
929 1697 968 1742 ea
990 1697 1073 1762 quae
1095 1678 1293 1763 singulisne

150 1782 267 1862 sponte
289 1777 434 1842 fecerunt
457 1775 500 1864 (v.
523 1775 680 1865 prolegg.)

239 1901 373 1979 Quando
394 1898 456 1965 hoc
479 1900 703 1983 gravissimum
725 1922 840 1966 munus
862 1903 1044 1970 institutum
1069 1904 1128 1985 sit,
1155 1903 1203 1968 ita
1224 1904 1293 1988 qui·

153 2003 227 2069 dem
249 2003 373 2068 definiri
394 2009 510 2087 potest,
532 2010 570 2069 ut
591 2025 695 2089 neque
717 2007 860 2089 antiquis
879 2007 998 2086 Atticis
1017 2013 1132 2072 'notum
1154 2008 1254 2073 fuisse
1264 2007 1294 2094 ⁶)

94 2133 99 2152 ·
150 2129 256 2192 neque
272 2130 357 2186 vero,
369 2113 406 2172 ut
416 2107 574 2172 Kreusius
586 2107 601 2172 I
615 2128 647 2191 p.
661 2113 725 2173 214
737 2109 815 2187 vult,
831 2111 1064 2192 imperatorum
1078 2111 1296 2177 Romanorum

149 2219 296 2297 tempore
318 2211 446 2278 demum
468 2213 768 2296 originem'oepisse
792 2213 948 2294 dicamus,
975 2216 1006 2280 id
1032 2216 1117 2301 quod
1139 2216 1214 2282 inde
1236 2235 1294 2299 ap·
1348 2239 1357 2252 ⁸

149 2323 256 2403 paret,
280 2318 366 2401 quod
387 2319 421 2383 in
452 2319 515 2383 illis
538 2318 672 2383 alterius
693 2339 722 2382 a.
747 2317 821 2383 Ghr.
845 2319 965 2384 saeculi
997 2321 1102 2386 titulis
1123 2342 1186 2385 non
1210 2341 1293 2385 com-

150 2426 352 2487 memoratur
374 2421 470 2486 modo
494 2427 644 2502 cosmeta,
669 2421 724 2487 sed
748 2422 812 2486 iarn
826 2443 950 2487 summa
971 2425 1115 2506 potentia
1127 2425 1295 2508 praeditus

150 2530 211 2592 est.
256 2524 394 2590 Videtur
415 2525 514 2609 igitur
533 2525 631 2609 paulo
662 2530 735 2608 post
758 2525 934 2592 Alexandri
955 2532 1119 2612 tempora,
1150 2530 1206 2595 ubi
1228 2550 1293 2594 om-

149 2631 227 2696 nino
251 2629 447 2712 epheborum
469 2630 621 2694 instituta
643 2631 847 2694 vehementer
878 2631 1051 2697 immutata
1074 2639 1165 2714 sunt,
1195 2633 1295 2698 etiam
1426 2639 1428 2644 '

149 2737 203 2802 hio
225 2755 368 2801 summus
391 2732 577 2798 moderator
599 2734 645 2797 eis
667 2734 837 2816 impositus
860 2753 941 2798 esse.

240 2857 321 2924 Tam
349 2855 558 2921 honorificum
595 2845 726 2938 tamque
762 2861 984 2939 sumptuosum
1018 2876 1133 2920 munus
1159 2855 1224 2920 iam
1252 2855 1295 2922 ab

149 2963 244 3029 initio
266 2961 437 3026 ditioribus
461 2965 493 3024 et
516 2958 729 3024 nobilioribus
752 2959 873 3024 civibus
896 2957 1044 3023 mandari
1072 2957 1201 3024 solitum
1224 2979 1295 3024 esse

150 3073 400 3133 consentaneum
422 3072 480 3130 est.
525 3064 628 3130 Multo
650 3066 753 3149 magis
774 3085 851 3130 vero
872 3064 966 3132 huius
989 3066 1130 3130 muneris
1155 3063 1296 3149 dignitus

151 3175 186 3236 et
201 3169 366 3254 'splendor
391 3169 608 3234 Romanorum
638 3171 869 3253 imperatorum
903 3174 1049 3253 tempore
1080 3174 1193 3234 auctus
1226 3189 1297 3234 esse

150 3276 293 3358 videtur,
317 3297 414 3360 quum
437 3273 654 3340 nobilissimus
685 3275 821 3358 quisque
845 3295 885 3338 ex
905 3274 1028 3339 civibus
1051 3273 1084 3338 id
1107 3279 1296 3358 appeteret3

151 3383 187 3448 id
211 3382 296 3466 quod
326 3381 472 3464 inprimis
499 3379 574 3445 inde
597 3373 754 3463 apparet,
788 3380 874 3463 quod
897 3380 995 3444 iidem
1022 3365 1181 3453 homines,
1216 3399 1297 3462 quos

152 3487 324 3554 archontes
346 3492 379 3550 et
391 3490 561 3568 strategos
584 3506 724 3550 summos
747 3505 784 3551 eo
808 3491 952 3568 tempore
965 3486 1184 3568 magistratus,
1198 3485 1297 3548 fuisse

153 3593 286 3671 ssimum
311 3591 407 3654 etiam
432 3595 590 3653 cosmetae
613 3610 744 3653 munere
774 3589 875 3653 suncti
899 3593 987 3668 sunt;
1012 3587 1109 3652 veluti
1135 3585 1169 3651 Ο.
1196 3586 1297 3652 Iulius

153 3695 330 3761 Cassianus
352 3692 537 3777 Apollonius
559 3691 723 3757 Stiriensis
748 3691 868 3756 archon
891 3712 1066 3776 eponymus
1089 3696 1139 3753 est
1157 3687 1191 3753 Ο.
1204 3689 1229 3753 I.
1241 3688 1297 3754 Gr.

154 3804 218 3865 272
241 3799 280 3879 A,
303 3803 444 3863 cosmeta
465 3796 585 3862 ibidem
603 3818 633 3860 n.
657 3801 719 3860 272
742 3795 779 3877 B,
798 3796 842 3860 M.
865 3795 1014 3862 Aurelius
1036 3793 1225 3860 Alcamenes
1247 3816 1298 3860 ar·

38 3907 46 3914 ’
153 3904 236 3972 chon
265 3923 440 3987 epouymus
463 3900 498 3967 O.
521 3902 546 3966 I.
570 3901 626 3968 Gr.
651 3905 725 3966 283.
745 3899 816 3985 ’Ep
838 3903 913 3981 ἅρχ.
939 3903 1022 3964 2601
1056 3899 1223 3984 σιρανηγός
1243 3899 1299 3964 ἐπὶ

151 4011 192 4075 τὰ
215 4007 303 4074 ὅπλα
326 4007 362 4074 G.
383 4007 408 4072 Ι.
432 4005 489 4072 Gr.
514 4009 588 4088 353,
612 4011 754 4071 cosmeta
774 4006 911 4088 172284,
933 4005 969 4070 P.
992 4003 1102 4070 Aelius
1113 4003 1299 4070 Alcidamns

208 4287 237 4358 6)
254 4287 324 4349 Nam
341 4287 411 4342 Plat.
429 4287 504 4357 legg.
524 4285 576 4358 VI,
596 4289 685 4343 772A
703 4259 791 4356 neque
809 4285 844 4340 de
863 4285 915 4341 hoo
935 4299 1023 4355 neque
1043 4285 1153 4339 omnino
1170 4281 1206 4338 de
1224 4287 1300 4372 certo

152 4379 274 4450 quodam
293 4395 404 4433 munere
422 4393 521 4433 vocem
537 4376 670 4447 κοσμητὰς
686 4376 902 4446 intellegendam
921 4392 979 4430 esse
997 4378 1084 4444 patet.

1406 4149 1438 4182 Ο
