3082 5076
821 313 859 376 18

268 489 457 554 multisunt
479 487 645 570 (XXXVII
672 489 705 553 in
725 488 821 553 inser.
846 492 874 552 3.
898 487 988 553 XVII
1014 488 1110 552 inser.
1134 490 1164 550 4.
1186 484 1232 549 XI
1262 484 1298 550 in
1323 488 1350 548 l.
1370 486 1420 566 5).

270 597 392 663 Contra
416 595 450 661 O.
472 596 497 661 Ι.
521 591 583 661 Gr.
608 600 682 660 284.
709 596 903 680 adscriptitii
932 596 1047 662 civium
1077 613 1244 659 numerum
1277 591 1344 663 fere
1365 609 1422 655 ae·

271 703 454 788 quiparant‚
479 700 593 765 aaa
615 721 646 784 p.
662 705 724 765 522
748 722 818 784 sqq.
839 722 916 766 vero
939 702 1079 784 quinque
1100 704 1133 763 et
1154 696 1361 780 septuaginta
1375 694 1421 759 oi·

272 806 365 872 vibus
393 811 521 871 eentum
548 804 781 888 quinquaginta
810 804 874 870 duo
896 806 1055 898 peregrini
1077 805 1300 870 subiiciuntur.
1345 800 1422 865 Om-

272 914 348 978 nino
370 912 431 978 hoo
462 917 608 993 tempore
636 910 822 994 peregrinos
846 911 898 976 ad
927 911 1123 996 reipublicae
1154 929 1247 975 saera
1273 913 1306 973 et
1325 904 1423 971 ludos

273 1017 418 1085 solennes
458 1016 615 1082 admissos
647 1035 734 1096 esso,
776 1017 873 1081 etiam
902 1019 977 1082 inde
1008 1024 1146 1100 apparet
1175 1014 1260 1100 qnod
1297 1011 1423 1076 Φιλ.Β

272 1147 303 1209 p.
319 1127 379 1188 132
402 1145 430 1186 v.
457 1126 507 1186 ll.
534 1126 594 1187 134
621 1145 650 1186 v.
666 1127 707 1187 50
722 1145 791 1207 sqq.
817 1126 847 1187 Γ
861 1146 893 1206 p.
920 1126 981 1186 150
1002 1143 1031 1188 v.
1059 1125 1107 1186 13.
1132 1125 1182 1201 53,
1206 1119 1262 1185 ubi
1283 1119 1424 1184 victores

273 1229 469 1295 Theseorum
490 1233 714 1311 recensentur,
746 1234 877 1313 praeter
902 1227 1007 1294 tribus
1030 1227 1155 1294 Atticas
1181 1227 1279 1293 etiam
1301 1223 1423 1289 inveni-

273 1339 372 1399 untur
393 1335 431 1396 od
452 1333 488 1395 ἐκ
509 1335 571 1396 τῶν
597 1331 709 1397 ἐθνῶν
729 1333 884 1416 τάγματα.

359 1437 496 1502 Prorsus
518 1435 680 1522 singulare
701 1459 777 1504 vero
800 1443 858 1518 est,
883 1437 968 1522 quod
993 1435 1066 1500 dha
1091 1439 1165 1520 l'p.
1180 1439 1243 1500 350
1260 1455 1331 1517 sqq.
1355 1437 1424 1515 qui,

273 1541 388 1606 titulus
411 1539 574 1605 Hadriano
597 1542 725 1608 consule
742 1544 881 1636 scriptus
899 1548 964 1621 est,
987 1542 1103 1606 ceteris
1125 1539 1258 1624 ephebis
1281 1537 1423 1615 LXXXI,

274 1647 403 1711 nomina
435 1646 687 1730 subiunguntur,
730 1647 847 1732 quibus
880 1647 1132 1730 superscriptum
1172 1652 1222 1711 est
1258 1643 1425 1727 Matrinum.

277 1750 366 1830 Quae
388 1771 441 1817 res
459 1751 599 1834 primum
620 1756 657 1814 ut
678 1750 757 1814 mihi
778 1751 905 1816 videtur
927 1750 1095 1833 aptissima
1122 1754 1172 1814 est
1193 1749 1236 1814 ad
1257 1748 1294 1814 L.
1317 1747 1425 1814 Rnssii

275 1857 477 1935 sententiam,
500 1857 554 1939 qui
566 1855 620 1940 (de
632 1855 731 1920 demis
748 1876 779 1939 p.
788 1856 845 1940 42)
861 1855 1006 1920 Miletum
1022 1855 1149 1921 demum
1169 1855 1311 1920 Atticum
1325 1855 1426 1922 fuisse

279 1960 476 2044 gravissimis
499 1950 695 2043 argumentis
710 1958 864 2025 adhibitis
879 1961 1007 2025 omnino
1018 1961 1146 2044 negavit
1161 1960 1425 2026 confirmandam.

274 2063 397 2129 Deinde
408 2063 525 2144 autem,
550 2084 648 2146 quum
659 2063 758 2128 etiam
778 2083 818 2128 ex
837 2063 909 2128 aliis
924 2062 1027 2129 titulis
1041 2064 1265 2148 intelligamus,
1288 2065 1427 2149 impera-

276 2189 383 2252 torum
405 2173 514 2233 aetate
536 2166 713 2250 permultos
735 2165 876 2232 Milesios
891 2167 1025 2232 Athenis
1049 2167 1174 2252 degisse
1183 2169 1221 2253 ⁵),
1244 2175 1357 2235 nostra
1378 2171 1427 2236 in·

276 2274 419 2358 scriptio,
442 2273 561 2355 quippe
583 2268 640 2337 ubi
661 2290 726 2335 non
748 2293 819 2336 cum
842 2272 957 2336 ceteris
979 2273 1157 2356 peregrinis
1180 2273 1425 2358 coniungantur,

277 2377 334 2444 sed
358 2377 532 2461 separatim
555 2375 739 2455 efferantur,
762 2369 983 2441 demonstrare
1005 2374 1149 2459 videtur,
1172 2377 1270 2441 etiam
1292 2377 1428 2444 Athenis

278 2488 330 2564 (ut
352 2481 504 2566 Aegialae
526 2486 559 2545 et
573 2475 700 2545 Minoae
722 2480 755 2544 in
779 2480 885 2545 insula
899 2480 1039 2563 Amorgo
1061 2480 1182 2545 factum
1204 2503 1274 2547 esse
1297 2483 1429 2557 demon·

277 2593 362 2662 attat
383 2586 523 2652 Rossius
539 2584 561 2648 l.
579 2584 618 2666 l.)
641 2583 781 2650 Milesios
810 2585 976 2668 propriam
1007 2585 1169 2668 quandam
1198 2586 1356 2652 coloniam
1378 2590 1430 2654 vel

277 2692 440 2757 civitatem
460 2695 588 2755 retento
611 2690 737 2772 patriae
752 2691 879 2780 nomine
894 2690 1115 2755 constituisse:
1139 2711 1222 2774 quae
1244 2713 1296 2758 res
1319 2697 1429 2758 tamen

279 2781 344 2863 non
366 2797 421 2861 diu
443 2795 600 2859 mansisse
622 2795 758 2859 videtur.
815 2859 818 2864 ,

367 2905 397 2966 2.
441 2897 613 2984 Dispertiti
644 2899 774 2964 fuerunt
807 2897 922 2982 ephebi
953 2898 989 2963 in
1021 2899 1239 2982 συστρέμματα
1280 2897 1370 2983 (wal.
1398 2905 1435 2962 A

280 3009 388 3090 pettit
409 3025 442 3070 n.
453 3008 481 3068 3.
505 3002 541 3068 G.
556 3003 581 3068 1.
606 3001 662 3068 Gr.
675 3007 737 3066 274
750 3002 783 3087 h)
804 3002 921 3087 quibus
943 3002 1153 3086 praefuerunt
1175 3003 1432 3086 συστρεμματάρ-

280 3135 334 3193 χαι
359 3108 432 3172 ost.
455 3113 494 3189 B,
517 3129 548 3192 p.
567 3113 641 3172 429.
666 3110 700 3189 Γ,
723 3111 830 3192 p.553.
875 3107 980 3173 Lebas
1001 3107 1026 3187 Ι,
1058 3130 1088 3172 n.
1111 3112 1184 3175 563.
1207 3108 1280 3192 Ἐφ.
1303 3105 1375 3189 α’ρχ.
1397 3130 1430 3172 n.

283 3217 366 3279 2831
392 3211 428 3277 C.
450 3211 475 3276 l.
500 3210 555 3276 Gr.
579 3210 695 3291 28tt⁶t
719 3231 758 3275 ex
781 3209 912 3293 ephebis
934 3211 1013 3293 ipsis
1036 3209 1146 3289 electi,
1170 3211 1254 3295 qnod
1277 3210 1352 3278 inde
1373 3233 1431 3296 pa·

281 3326 344 3399 tet,
377 3315 465 3401 quod
494 3320 674 3381 ceterorum
695 3313 892 3398 epheborum
918 3313 1149 3380 commilitones
1172 3314 1235 3380 dioi
1257 3316 1362 3381 solent
1384 3315 1434 3400 (oi

355 3561 473 3632 5)titu1i
500 3561 666 3615 Milesiorum
694 3559 826 3630 epitaphii
855 3557 936 3629 apud*
954 3559 1121 3614 Boeokhium
1147 3562 1176 3616 0.
1195 3562 1217 3616 I.
1235 3562 1282 3617 Gr.
1301 3565 1354 3617 692
1374 3580 1435 3632 sqq.

285 3654 347 3704 sunt
364 3649 543 3720 quadraginta
561 3650 622 3720 duo,
642 3650 715 3719 apud
732 3650 863 3720 Rangabs
881 3655 1067 3734 n.1871‘sqq.
1087 3655 1157 3708 2428
1170 3670 1229 3721 sqq.
1247 3653 1360 3723 triginta
1378 3668 1434 3719 sex,

283 3757 365 3808 quum
383 3756 418 3792 ex
434 3737 547 3808 singulis
566 3738 653 3792 demis
670 3739 799 3808 perpauci
817 3740 917 3793 servati
934 3742 998 3795 sint.

356 3829 383 3898 6)
400 3828 430 3880 in
447 3827 540 3898 lapide
551 3832 593 3881 est
606 3828 743 3882 020721.
755 3863 762 3880 .
777 3829 899 3899 ΤΑΡΧΔ,
918 3830 946 3884 in
958 3848 1011 3899 quo
1022 3830 1172 3884 Boeokhius
1185 3831 1270 3884 latere
1287 3829 1395 3899 putavit
1409 3831 1437 3880 ot

233 3983 235 3990 Α
284 3916 478 3986 σατανάρχαα
496 3916 741 3986 quodvooabulum
757 3917 881 3986 squidem
895 3918 925 3971 in
936 3919 1159 3989 inscriptionibus
1169 3919 1333 3987 noninveni‚
1352 3935 1437 3986 quare

285 4023 341 4060 non
366 4005 462 4060 dubito
487 4005 515 4059 in
538 4006 618 4060 titulo
640 4007 750 4059 omnino
777 4007 949 4076 negligenter
974 4008 1078 4078 scripto
1102 4025 1234 4078 reponere
1253 4007 1291 4076 o[t
1309 4001 1437 4080 r]vm[p]s

287 4089 372 4169 [μμα]
384 4089 506 4168 repleb,
525 4096 686 4165 praesertim
704 4112 786 4164 quum
804 4097 937 4150 vocabula
954 4095 1014 4158 τοῦς
1027 4095 1077 4164 ὑφ’
1096 4098 1200 4158 ἑαυτοῖς
1217 4095 1383 4164 συνεφήβους
1400 4095 1437 4150 ad

285 4204 381 4241 munus
407 4186 722 4255 systremmatarcharum
747 4185 851 4254 optime
874 4187 1015 4254 quadrent.
1052 4186 1139 4255 Quum
1161 4186 1246 4257 igitur
1263 4185 1378 4239 duorum
1395 4201 1437 4252 sy·

284 4281 473 4330 stremmatum
491 4276 646 4346 catalogum
662 4275 818 4345 habeamus,
837 4291 924 4344 neque
942 4276 1053 4348 exiguus
1070 4293 1197 4330 numerus
1214 4275 1382 4344 epheborum
1390 4288 1438 4325 ne-

287 4380 339 4433 que
357 4364 456 4418 omissa
476 4364 596 4419 tribuum
612 4365 731 4435 nomina,
748 4365 777 4418 in
794 4366 891 4434 quibus
908 4366 1060 4422 Boeokhius
1079 4366 1206 4426 offendit.
1223 4361 1347 4416 mhanda
1365 4367 1438 4416 sunt.
