3082 5076
698 361 741 424 49

136 525 267 592 aditum
302 528 344 592 ad
377 536 417 592 oa
438 527 582 611 patuisse
616 527 681 592 iam
704 527 906 594 Oumnnudes
929 527 1007 596 Φιλ.
1023 535 1054 593 Β
1074 551 1106 613 p.
1129 537 1191 596 491
1214 531 1288 598 inde

140 631 289 715 collegit,
325 630 413 715 quod
433 630 546 696 inille
578 629 674 696 titulo
708 648 818 698 omnea
845 632 903 715 qui
923 631 1081 699 eiusmodi
1102 633 1287 702 muneribus

142 736 324 820 flungsmtur
343 735 528 801 nominibus
541 733 718 819 gentilibus
730 735 883 801 Βοωιιιιὶι
894 735 1034 819 praediti
1049 743 1134 803 sunt
1164 736 1287 804 Eodem

144 839 392 923 spectat-quod
411 859 570 923 persaepe
592 837 758 922 complura
779 859 914 906 munera
936 841 970 904 in
992 840 1122 907 eosdem
1141 841 1286 908 homines

144 944 360 1008 cumulantur.
404 943 520 1027 Itaque
541 942 691 1027 princeps
714 941 912 1026 epheborum
934 951 1062 1026 semper
1084 944 1179 1010 simul
1201 965 1286 1029 gym-

143 1046 333 1112 nasiarchus
364 1051 397 1112 et
427 1045 624 1130 agonotheta
645 1050 709 1125 est,
739 1065 967 1130 nonnunquam
991 1046 1081 1132 (Φιλ.
1103 1053 1138 1112 A
1156 1070 1189 1132 p.
1213 1052 1285 1114 523.

147 1155 179 1212 Β
200 1170 231 1233 p.
255 1150 335 1236 428)
357 1154 555 1215 autumnos
584 1152 642 1215 aut
671 1147 817 1232 plerique
839 1150 1077 1233 gymnasiarchi
1105 1158 1139 1218 et
1169 1172 1286 1236 agono-

142 1253 375 1320 thetaeiidem
395 1259 490 1333 sunt,
513 1251 590 1316 oa
608 1255 639 1316 Γ
663 1273 694 1334 p.
720 1253 783 1318 553
803 1252 885 1318 adeo
904 1252 1005 1320 etium
1028 1259 1286 1339 syntrommatar·

143 1357 279 1422 charum
299 1375 435 1422 munera
452 1356 517 1422 illis
547 1355 763 1442 aceruum„
790 1375 856 1439 quo
885 1355 925 1422 fit
955 1362 994 1422 ut
1010 1357 1091 1424 ,Φιλι
1113 1364 1146 1425 Β
1166 1381 1198 1443 p.
1222 1363 1287 1428 428

143 1462 210 1526 duo
243 1461 407 1541 homines,
445 1480 584 1544 quornm
616 1458 701 1527 alter
730 1457 924 1544 Calpurnius
957 1460 1091 1528 Proolm
1124 1467 1286 1530 cosmetae

141 1565 230 1630 filius
259 1569 330 1644 est,
360 1563 526 1647 quaternis
558 1560 747 1630 muneribus
774 1562 869 1632 simol
895 1561 1081 1647 fungantur.
1126 1564 1188 1642 Qui
1216 1587 1286 1632 moe

143 1687 330 1761 quanquam
350 1666 492 1732 fortasse
519 1666 741 1750 iniquissimus
762 1665 934 1747 videbitur,
956 1675 1065 1733 tamen
1081 1689 1121 1734 ex
1141 1669 1181 1734 iis
1203 1690 1286 1754 quae

144 1792 245 1854 supra
282 1772 324 1837 de
355 1770 586 1854 agonothcsiae
624 1769 807 1853 sumptibus
844 1770 1066 1838 attiniacus
1095 1772 1287 1866 intelligitur

144 1895 272 1958 paucos·
286 1880 414 1945 tantum
436 1895 476 1940 ex
497 1874 630 1958 ephebia
652 1875 736 1942 talia
755 1895 892 1942 munera
914 1877 1074 1944 sustinere
1094 1877 1248 1960 potuisse.

219 1979 379 2064 -Denique
409 1998 543 2059 munus,
573 1978 664 2044 ouius
691 1982 810 2044 natura
840 1977 937 2062 plane
969 1979 1107 2046 obseura
1127 1985 1193 2060 est,
1215 1980 1286 2046 nisi

144 2083 232 2166 quod
253 2081 370 2159 τάξεως
384 2080 527 2148 alieuius
546 2079 743 2163 praesectum
765 2080 864 2148 fuisse
886 2083 1012 2164 emmiu,
1032 2079 1120 2167 Ἅρχ,
1138 2082 1194 2168 ἐφ.
1214 2105 1286 2166 περ.

25 2275 29 2282 Ι
69 2185 79 2194 “
145 2191 187 2250 Β.
216 2184 269 2272 α’ρ.
295 2190 355 2251 107
386 2185 587 2269 significatur
622 2183 777 2251 vocabulo
809 2183 998 2271 lssocdaerpce
1028 2185 1089 2254 hoc
1126 2185 1286 2256 Graecum

143 2312 210 2356 non
231 2311 303 2356 esse
325 2311 425 2373 qurum
445 2287 641 2372 intelligeret
662 2286 769 2354 editor
789 2286 1013 2371 alumpnus,
1040 2285 1195 2378 ἧβοιιίιιιῃ
1217 2310 1286 2355 cor·

142 2394 313 2478 rigendum
335 2393 427 2469 dixit,
447 2391 536 2476 quod
559 2391 657 2459 etiem
691 2391 770 2458 mihi
791 2392 826 2458 in
847 2411 883 2458 re
905 2391 1134 2460 obscurissima
1154 2395 1222 2460 veri
1243 2394 1285 2461 sis

141 2499 311 2573 millimum
332 2496 469 2564 videtur.

230 2602 347 2668 Omnia
375 2622 459 2686 quae
491 2601 525 2666 in
554 2599 660 2666 titulis
689 2598 806 2666 Atticis
842 2618 908 2666 non
940 2600 1146 2666 inueniuntur
1180 2599 1283 2679 omisi,

142 2709 221 2792 quin
241 2714 300 2772 aut
322 2705 366 2772 ad
388 2704 470 2770 aliar
492 2703 640 2770 civitates
652 2702 823 2786 pertinere,
846 2707 883 2768 ut
905 2701 1089 2788 δφῆβαρχος
1111 2701 1210 2790 (idem
1226 2701 1284 2785 qui

140 2811 398 2895 γυμνασίαρχος),
410 2805 796 2892 παλαισιηοφιίλαξ,,ιΙίιι,
812 2812 870 2874 aut
883 2806 1012 2872 omnino
1028 2812 1151 2874 certum
1167 2825 1282 2873 munus

141 2917 325 3002 significare
346 2936 413 2980 non
432 2913 585 2980 videntur
606 2911 661 2997 (of.
682 2917 713 2994 ξ.
739 2915 783 2997 3).

528 3157 662 3214 curor
684 3155 892 3212 renerum.

169 3283 226 3350 DE
250 3281 512 3355 ERUDITIONE
534 3280 590 3348 ΕΤ
613 3279 958 3349 EXERCITATIONE
981 3272 1252 3342 EPHEBORUM.

677 3455 705 3538 s.
733 3459 760 3517 1.

606 3585 647 3639 De
666 3584 821 3656 gymnasiis.

228 3713 264 3780 Si
291 3712 363 3796 quis
385 3712 426 3778 de
448 3711 593 3796 eorporis
622 3716 721 3798 atque
742 3708 841 3776 animi
868 3705 957 3772 cultu
977 3710 1010 3770 et
1033 3703 1073 3772 de
1102 3707 1188 3771 omni
1210 3726 1280 3770 eru·

141 3818 275 3884 ditionis
298 3816 524 3902 genereapud
547 3815 707 3897 Graecos,
740 3811 888 3897 inprimis
911 3809 1099 3876 recentioris
1121 3811 1210 3891 aevi,
1234 3805 1281 3873 di·

141 3927 254 3988 cturus
287 3925 357 4002 est,
392 3919 630 4005 gymnasiorum
669 3922 746 3984 ante
780 3915 887 3982 omnia
922 3913 1008 3978 ratio
1039 3911 1188 3980 habenda
1220 3917 1279 3992 est,

139 4027 260 4110 quippe
282 4023 454 4108 inquibus
476 4022 543 4091 iere
566 4021 675 4089 omnia
698 4039 783 4105 quae
806 4038 843 4084 eo
865 4015 1079 4100 pertinerent,
1110 4016 1184 4104 acta
1205 4016 1279 4098 sint,

139 4129 388 4196 exercitationes
418 4126 636 4212 gymnasticae
671 4130 705 4189 et
735 4123 893 4190 militares
923 4120 1048 4202 pariter
1076 4140 1115 4184 nc
1141 4119 1279 4202 philoso-

202 4388 240 4463 ‚4)
259 4387 291 4445 In
310 4385 481 4464 epheborum
500 4383 632 4454 eutalogia
657 4385 678 4439 ii
702 4385 749 4455 qui
761 4381 905 4468 ‘eiusmodi
929 4395 1040 4434 munera
1058 4379 1156 4448 gerunt
1173 4394 1280 4446 semper

137 4478 166 4530 in
185 4494 235 4530 sua
253 4476 366 4544 quisque
383 4475 457 4527 tribu
474 4474 563 4542 primo
581 4474 652 4546 inter
670 4475 869 4528 commilitones
886 4471 946 4525 loco
965 4471 1146 4542 recensentur.

977 4570 997 4630 4
