3082 5076
842 348 884 412 64

293 513 372 595 dici,
404 530 501 598 quam
522 517 699 583 Pausanias
729 525 974 599 commemorat,
1008 520 1065 585 sed
1097 521 1138 586 da
1158 541 1212 604 ea,
1229 558 1231 564 ·
1248 543 1313 614 qua
1335 530 1436 592 sacris

293 616 433 701 peractis
467 638 576 686 rursus
610 619 644 686 in
680 621 793 688 urbem
825 623 1030 689 deserebatur
1063 626 1269 694 simulacrum
1289 631 1343 715 ¹¹).
1397 632 1435 696 In

293 720 456 788 theatrum
484 744 560 789 vero
590 725 729 790 relatum
759 746 829 792 esse
858 728 955 811 paulo
985 729 1090 794 minus
1122 731 1251 814 quidem
1283 740 1435 801 accurate

293 825 429 907 dicitur3
462 847 538 892 nam
559 827 667 911 agitur
696 829 764 894 sine
790 829 894 918 dubio·
918 829 959 898 de
989 851 1028 898 eo
1050 829 1170 900 Bacchi
1191 835 1433 906 Eleuthsrensis
1519 861 1520 880 ν

293 931 473 1014 simulacro,
496 933 536 998 de
556 953 620 1016 quo
640 933 818 1001 Pausanias
841 937 972 1019 exponit
993 937 1017 1017 1,
1043 937 1094 1018 20,
1119 938 1211 1004 ahia
1234 942 1355 1008 verbis:
1378 935 1435 1007 τοῦ

292 1033 453 1100 Διονύσου
481 1035 519 1100 δέ
544 1037 607 1112 ἐστι
630 1037 731 1121 πρός
751 1043 803 1126 eqd
825 1041 991 1128 θεάτρῳ
1018 1040 1053 1104 ud
1083 1041 1298 1126 όρχσιόοαοον
1328 1045 1433 1129 ἱερόν·

293 1139 355 1204 όόο
383 1138 421 1202 dt
449 1140 529 1204 ελσιν
556 1129 643 1218 ὄντος
672 1131 739 1208 rori¹
753 1143 928 1229 περιβόλου
956 1149 1030 1208 ναοὶ
1058 1148 1113 1207 καλ
1141 1143 1314 1226 Διόνυσοι,
1352 1151 1371 1215 ό
1402 1175 1434 1214 re

291 1242 494 1328 Ἐλευθερεύς
514 1248 569 1309 καὶ
591 1245 630 1308 όν
648 1243 844 1334 Ἀλκαμένης
865 1246 1012 1333 λποληοεν
1033 1248 1117 1327 κιλ.,·
1139 1248 1227 1333 qued
1249 1254 1433 1338 antiquissi-

216 1337 218 1342 ’
291 1367 379 1414 mum
396 1347 448 1412 dei
470 1348 637 1415 delubrum
658 1351 820 1418 Lenaeum
842 1358 911 1432 est;
941 1352 998 1418 sed
1025 1358 1135 1420 tamen
1156 1373 1196 1421 cx
1224 1357 1326 1440 ipsius
1348 1359 1432 1425 Pau·

292 1451 528 1519 sanias‘verbis
550 1463 693 1540 apparet,
716 1459 750 1524 in
771 1459 830 1525 illa
851 1459 978 1526 ratione
1001 1460 1127 1526 dicendi
1150 1455 1433 1530 mihusaocuuata

291 1573 356 1619 non
377 1575 447 1621 esse
469 1557 701 1628 offendendum.

377 1657 551 1728 Pnaeterea
572 1665 763 1731 sacrificium
784 1667 872 1732 tauri
894 1672 1171 1750 commemoratur,
1196 1669 1281 1752 quod
1303 1671 1432 1755 inipso

289 1762 346 1827 illa
368 1763 490 1848 λσχόρᾳ
520 1774 596 1834 ante
627 1789 778 1853 pompam
806 1769 928 1838 factum
953 1793 1026 1840 esse
1058 1773 1387 1840 demonstrat-inser.
1415 1782 1430 1840 1

289 1888 317 1932 u.
346 1871 365 1932 9
398 1868 566 1953 εἰσήγαγον
589 1907 628 1920 -
651 1874 808 1948 όόσανοις
839 1877 883 1961 τῷ
915 1879 1003 1962 θεῷ,
1031 1883 1072 1942 ολ
1099 1877 1218 1962 phiala·
1239 1897 1338 1944 aurea
1371 1879 1431 1946 deo

291 1969 510 2036 dedicabatur.

376 2077 483 2145 Titulo
503 2080 607 2163 primo
620 2080 791 2148 subiuncta
805 2088 882 2149 snut
902 2084 966 2150 duo
981 2085 1159 2168 plebiscita,
1183 2087 1299 2168 quibus
1315 2087 1431 2171 ephebi

290 2187 424 2266 propter
444 2183 563 2249 Bacchi
594 2203 690 2250 sacra
711 2185 793 2251 bene
827 2187 1222 2270 peractacollaudantur3
1253 2211 1337 2274 quae
1357 2213 1431 2257 mea

290 2288 450 2353 sententia
473 2289 515 2355 ad
537 2308 577 2354 eu
599 2289 662 2354 duo
684 2289 803 2356 Bacchi
825 2311 917 2356 saera
939 2289 1108 2356 referenda
1131 2296 1223 2372 sunt,
1253 2313 1338 2377 quae
1359 2295 1431 2360 sola

288 2411 353 2456 non
374 2391 408 2456 in
429 2391 490 2457 hoo
512 2397 649 2475 tantum,
672 2394 729 2459 sed
744 2386 929 2460 omnincin
942 2395 1090 2460 omnibus
1112 2391 1310 2477 epheborum
1325 2399 1430 2464 titulis

288 2487 596 2579 commemorantur,
639 2517 757 2582 magna
778 2495 932 2582 Dionysia
961 2502 994 2562 et
1026 2497 1150 2563 Piraeo.
1205 2499 1297 2580 Quod
1330 2524 1430 2587 quum

286 2602 409 2684 itaut,
433 2608 579 2687 apparet,
603 2604 740 2670 alterum
763 2605 806 2669 od
820 2602 974 2686 Dionysia
995 2621 1113 2685 magna
1133 2605 1306 2686 pertinere,
1330 2603 1428 2690 quum

287 2707 377 2792 prius
399 2707 480 2773 XIto
501 2707 695 2773 Gamelionis
718 2707 790 2787 die,
824 2705 950 2774 duobus
970 2705 1241 2802 mensibusante
1262 2707 1427 2794 Dionysia,

287 2812 423 2876 alterum
443 2833 519 2877 vero
540 2810 650 2876 XVIto
673 2810 912 2894 Thargelionis,
948 2807 1073 2877 duobus
1103 2812 1265 2878 mensibus
1294 2820 1428 2896 postea

287 2916 497 2999 compositum
520 2917 572 2981 sit.
616 2915 659 2980 Et
695 2915 764 2980 eius
786 2917 835 2980 rei
856 2913 1025 2998 vestigium
1056 2916 1153 2980 etiam
1182 2917 1215 2980 iu
1245 2935 1283 2982 eo
1315 2917 1428 3001 depre-

285 3015 435 3084 hendisse
456 3018 535 3084 mihi
556 3019 676 3101 videor,
702 3019 789 3103 quod
810 3021 845 3084 in
866 3019 969 3084 altero
984 3018 1153 3102 plebiscito
1175 3024 1250 3102 poet
1272 3019 1429 3086 vocabula

287 3119 435 3206 ἐκκλησία
456 3122 492 3186 ἒν
514 3126 558 3210 τῷ
580 3123 710 3209 decimu
729 3120 860 3187 additur
881 3121 919 3186 όν
939 3121 1112 3198 Διονύσου,
1136 3141 1234 3206 quum
1255 3128 1364 3190 cetera
1385 3127 1428 3190 ad

286 3225 418 3292 verbum
449 3226 660 3292 consentiant.
710 3225 793 3290 Nam
825 3231 864 3291 ut
895 3225 986 3309 prius
1028 3225 1107 3292 illud
1141 3224 1344 3308 plebiscitum
1380 3229 1428 3294 ita

287 3332 384 3396 etiam
407 3329 514 3394 omnia
536 3329 601 3394 aha
622 3328 716 3394 huius
737 3330 910 3412 temporis,
944 3331 1090 3412 quamuis
1113 3330 1220 3396 omnia
1240 3331 1372 3400 comitia
1392 3333 1428 3396 in

285 3431 403 3499 Bacchi
425 3431 555 3498 theatro
575 3431 689 3497 habita
712 3433 785 3514 sint,
808 3433 868 3499 hoo
895 3433 1115 3499 additamento
1139 3438 1252 3499 carent
1274 3435 1383 3519 (inser.
1410 3439 1424 3498 l

283 3559 312 3602 v.
337 3535 388 3602 30.
413 3542 432 3601 2
453 3559 483 3603 v.
510 3539 539 3600 3.
564 3539 614 3599 51.
641 3540 659 3599 3
682 3557 713 3599 v.
739 3540 768 3600 3.
791 3539 843 3601 67.
865 3542 887 3601 4
909 3555 937 3601 v.
962 3541 1013 3602 50.
1038 3541 1056 3601 5
1079 3559 1108 3602 v.
1134 3538 1199 3622 30).
1251 3538 1296 3602 At
1317 3538 1427 3620 priore

282 3646 447 3724 tempore,
479 3661 579 3724 quum
614 3639 755 3706 solerent
777 3640 908 3706 comitia
930 3642 972 3706 in
993 3641 1098 3726 Pnyoe
1118 3640 1250 3722 haberi,
1285 3661 1324 3706 ea
1346 3641 1426 3722 sola,

284 3746 399 3830 quibus
422 3746 462 3810 de
483 3745 540 3824 iis,
564 3765 647 3828 quaa
670 3744 711 3809 ad
733 3763 923 3828 magnorum
944 3744 1169 3831 Dionysiorum
1199 3765 1294 3812 sacra
1323 3746 1428 3828 perti-

283 3855 405 3931 nerent,
429 3847 679 3930 deliberabatur,
701 3849 735 3912 in
752 3847 886 3914 theatro
907 3853 1063 3934 tanquam
1084 3849 1233 3933 tuipsius
1255 3848 1308 3915 dei
1330 3847 1427 3913 domo

282 3951 395 4016 habita
417 3956 511 4033 eunt,
539 3952 582 4018 ob
606 3972 743 4035 eamque
765 3972 833 4016 rem
855 3955 986 4035 proprie
1007 3953 1088 4020 haec
1109 3953 1227 4019 dicitur
1248 3949 1267 4036 ‘l
1290 3952 1327 4017 tv
1348 3958 1427 4015 Διο-

272 4053 381 4128 ,νόσοο
401 4053 550 4139 ἐκκλησία
575 4052 701 4138 (Aesoh.
725 4058 754 4134 2,
780 4057 830 4117 61.
854 4053 1019 4121 Demosth.
1042 4061 1092 4136 21,
1118 4061 1148 4121 9.
1172 4054 1245 4118 aaa.
1259 4057 1295 4118 A
1313 4075 1347 4138 p.
1364 4057 1426 4120 193

282 4161 318 4249 τῇ
362 4157 398 4222 όν
427 4157 614 4243 Διο[ν]όσου
648 4155 798 4242 ἐκκλησίᾳ
840 4155 964 4234 δόξασα
1010 4157 1117 4232 καλῶς
1153 4155 1425 4242 όπιμεῂιιλῆσθαι

356 4400 401 4462 ll)
418 4397 451 4450 In
474 4397 599 4452 omnibus
616 4397 702 4452 tiurlis
721 4401 763 4451 est
779 4397 830 4457 ric
847 4396 965 4468 ἤγαγον,
984 4400 1093 4467 praeter
1110 4401 1128 4452 4
1146 4415 1172 4454 v.
1192 4399 1226 4452 14
1248 4397 1296 4466 qui
1314 4397 1423 4456 exhibet

281 4485 421 4556 ἐξήγαγον.
