3082 5076
687 351 727 412 61

109 520 172 580 καὶ
195 515 418 604 α’νή[υε]γκαν
445 517 485 580 ut
506 517 650 601 ἀριστεῖα
679 522 759 585 naeu
781 521 816 585 ai
839 521 1012 607 ψήφισμαε
1043 523 1190 605 praemia
1218 523 1277 587 sei·

109 620 195 687 licet
221 643 314 706 quae
334 623 369 688 in
389 623 619 688 certaminibus
641 624 779 692 victores
801 631 999 710 acceperant,
1031 647 1177 710 quaeque
1207 647 1276 693 om·

109 729 196 792 nino
221 727 294 792 diis
316 749 504 794 consecrare
525 730 625 795 moris
648 736 720 796 erat
742 731 843 817 (velut
858 730 902 796 c.
924 731 950 796 1.
972 731 1030 796 Gr.
1044 735 1118 796 243.
1145 730 1276 818 20011.)

109 831 340 898 Memorabile
368 853 444 898 vero
477 854 548 898 esse
577 833 722 916 1111111111,
755 836 843 919 quod
878 836 1025 919 inprimis
1055 845 1095 900 ea
1122 836 1206 902 festa
1234 835 1276 902 ab

111 935 265 1018 ephebis
288 937 546 1032 celebrabantur,
570 937 687 1020 quibus
710 959 821 1004 eorum
844 959 926 1024 quae
952 940 1091 1004 maiores
1112 941 1146 1004 in
1168 939 1276 1022 patria

110 1039 334 1106 defendenda
354 1040 530 1106 immortali
552 1041 656 1126 gloria
677 1042 774 1127 digna
795 1048 981 1126 gesserant,
1012 1043 1167 1109 memoria
1187 1057 1275 1108 rece·

110 1145 277 1226 labatur,
309 1144 396 1211 velut
417 1152 549 1228 praeter
578 1145 639 1212 hoc
660 1147 758 1212 etiarn
779 1147 971 1233 Monychia,
1005 1148 1152 1214 Aeantea
1174 1167 1275 1230 eaque

111 1269 219 1314 saera
253 1269 340 1333 quae
372 1250 406 1314 in
442 1250 522 1334 ipsis
553 1270 733 1334 pugnarum
763 1250 959 1319 Salaminiae
987 1257 1022 1316 et
1052 1249 1275 1317 Marathonide

111 1352 200 1420 locis
225 1352 363 1418 fiebant

209 1462 247 1522 2.
303 1456 452 1522 Proximo
485 1457 556 1525 loeo
582 1466 790 1525 recensentur
819 1460 1040 1544 1111111υὲ15).
1092 1460 1130 1524 In
1158 1459 1274 1543 quibus

113 1563 207 1627 duae
251 1581 390 1645 pompae
419 1562 454 1626 in
485 1562 631 1629 omnibus
660 1564 765 1630 titulis
795 1569 1101 1644 commemorentur,
1137 1583 1274 1646 quarum

113 1666 214 1748 prior
239 1665 443 1749 significatur
464 1665 627 1732 vocabulis
650 1662 842 1752 ἀπήυυρσαν
863 1665 1189 1751 (vailamereinais,
1218 1667 1274 1750 τὴν

115 1767 356 1854 inundarentur
378 1768 583 1857 ἐπουήσυνιυ)
605 1766 778 1854 τοϊςῖεροτς
799 1770 835 1834 ἐν
856 1768 969 1844 ὅπλοις
985 1774 1040 1832 καὶ
1054 1771 1273 1854 προέπεμψαν

118 1869 209 1942 ailad
235 1875 279 1958 (l,
305 1879 334 1938 7.
358 1877 389 1954 2,
413 1878 442 1939 9.
464 1878 521 1938 74.
544 1878 574 1954 3,
597 1875 627 1938 9.
651 1879 682 1956 4,
708 1881 736 1938 7.
760 1881 793 1940 et
813 1874 900 1939 idam
922 1873 984 1939 fuit
1001 1871 1072 1956 Ἔφ.
1090 1871 1162 1956 ἄρχ.
1185 1877 1269 1938 4041

120 2001 151 2043 1.
179 1979 261 2064 659)
276 1977 314 2062 ⁶).
358 1979 503 2062 Apparet
523 1977 603 2044 haec
623 1979 665 2044 de
686 1999 804 2062 pompa
827 1978 937 2062 eliqua
953 1977 1106 2042 Eleusine
1128 1976 1272 2044 Athenas
1381 2023 1385 2032 -

121 2083 226 2150 ducta
250 2083 322 2163 dici,
345 2083 397 2147 cui
419 2081 535 2166 ephebi
557 2082 683 2149 obviam
699 2083 924 2167 promsserint.
970 2083 1076 2165 Atque
1098 2081 1145 2148 de:
1161 2081 1272 2148 eadem

119 2207 247 2271 pompa
270 2187 339 2252 sine
360 2185 459 2252 dubio
480 2185 689 2270 intelligenda
710 2193 802 2264 sunt,
835 2207 918 2270 quae
940 2185 1157 2251 Philostratus
1188 2185 1272 2249 vitae
1380 2227 1382 2234 .
1426 2221 1440 2232 1·

119 2292 215 2375 soph.
230 2291 273 2371 11,
297 2295 340 2354 20
353 2291 435 2354 extr.
455 2290 537 2356 dicit
559 2289 663 2371 ὄνομα
684 2294 745 2371 μὲν
766 2289 805 2374 dr}
827 2294 871 2376 σῷ
893 2292 1070 2376 προαστείῳ
1093 2285 1165 2372 leuci
1183 2293 1271 2372 συνῆ·

118 2397 158 2457 τὰ
190 2396 224 2458 δ’
242 2393 465 2458 Ἐλευσινόθεν
491 2393 563 2478 ἱεροὶ
589 2393 723 2458 emaev
752 2395 797 2470 rie
818 2398 897 2458 ἄσυυ
927 2394 1064 2473 ἄνυσιν,
1094 2392 1161 2458 aa
1188 2389 1272 2455 ἄνα·-

119 2495 299 2564 rrav'cv'cw.
352 2499 526 2564 Praeterea
553 2500 589 2564 in
618 2499 714 2565 titulo
746 2505 761 2563 1
795 2499 926 2565 additur
954 2500 1047 2582 μέχρι
1078 2500 1131 2582 τῆς
1160 2497 1272 2576 Ἠχοῦς

119 2603 256 2670 obviarn
277 2603 373 2669 ivisse
395 2601 553 2686 ephebos,
588 2605 672 2687 quae
692 2604 760 2670 sine
795 2603 893 2668 dubio
916 2601 959 2666 ad
984 2601 1088 2666 locum
1122 2601 1157 2664 in
1171 2619 1270 2666 sacra

120 2709 176 2774 via
200 2709 299 2772 situm
325 2727 428 2790 neque
450 2705 580 2771 aliunde
599 2713 711 2772 notum
743 2707 917 2790 pertinent.
962 2705 1000 2769 In
1021 2703 1116 2770 titulo
1133 2702 1215 2768 aaa.
1238 2709 1270 2769 B

120 2833 153 2896 p.
182 2816 248 2878 238
271 2811 313 2876 ad
334 2809 417 2875 hano
446 2830 598 2893 pompam
628 2809 799 2876 referenda
828 2830 901 2876 esse
936 2808 1087 2874 videntur
1114 2808 1269 2876 uocabula

120 2937 150 2981 v.
169 2922 190 2982 9
213 2915 308 3000 pepo
330 2919 386 2978 υοῦ
406 2914 593 2996 εἰθισμένου
615 2912 805 3000 amputans,-
826 2933 902 2978 nam
923 2913 963 2979 de
975 2933 1104 2997 pompa
1121 2913 1201 2978 haec
1219 2913 1267 2978 in·

120 3018 299 3104 telligenda
322 3038 393 3083 esse
414 3037 454 3082 ea
475 3017 708 3100 demonstrant,
732 3039 814 3102 quae
836 3019 985 3102 leguntur
1006 3041 1034 3083 v.
1054 3023 1091 3082 17
1109 3039 1156 3101 sq.
1180 3017 1269 3096 ἄγον

121 3125 198 3198 τοὺς
230 3121 373 3206 ἐφήβους
390 3120 608 3185 Ἓλευσετνοίδε
635 3124 713 3204 perci
735 3126 791 3186 τοῦ
818 3120 917 3186 αὐτοῦ
941 3121 1115 3206 σχήματος,
1150 3121 1266 3205 quibus

122 3229 165 3294 ad
202 3227 259 3292 illa
287 3226 387 3292 verba
420 3225 537 3309 respici
566 3230 668 3308 patet.
722 3225 827 3304 Quum
854 3246 929 3291 vero
959 3225 1024 3290 illis
1045 3225 1207 3292 vocabulis
1235 3231 1267 3290 et

123 3329 465 3412 antecedattemporis
487 3329 645 3413 quaedam
655 3328 799 3394 definitio
821 3333 883 3394 1.8
904 3331 965 3418 „op”
986 3331 1068 3416 τρίτῃ
1090 3328 1145 3392 ἐπὶ
1166 3327 1265 3392 δέκαίί

124 3442 158 3501 et
181 3434 400 3518 subsequatur
414 3433 585 3498 1111110
609 3435 666 3522 ,φῇ
688 3431 812 3516 τετράδι
834 3431 888 3495 ἐπὶ
909 3430 1027 3507 dtau,“
1045 3453 1144 3498 nexus
1157 3438 1266 3498 autem

123 3539 358 3605 sententiarum
380 3541 514 3620 propter
534 3535 682 3602 mutilam
703 3536 792 3602 tituli
817 3536 1035 3602 condicionem
1063 3537 1192 3602 restitui
1212 3557 1266 3602 ne·

124 3648 243 3727 queat,
276 3644 350 3706 utro
373 3662 412 3706 ex
433 3639 485 3704 his
507 3640 620 3705 diebus
642 3640 731 3706 facta
751 3641 795 3706 sit
820 3640 876 3705 1111
897 3661 1035 3724 pompa,
1067 3661 1137 3708 non.
1154 3639 1265 3724 liquet,

124 3748 183 3814 sed
205 3745 356 3812 alterutri
389 3765 500 3811 eorum
522 3743 768 3810 adscribendam
801 3764 872 3809 esse
900 3749 1025 3808 certum
1055 3749 1114 3808 est.
1160 3743 1265 3822 Quare

123 3874 187 3917 non
210 3853 319 3934 potest
341 3845 479 3931 amplius
500 3846 628 3912 initium
640 3843 876 3913 Eleusiniorum
896 3846 941 3914 ad
962 3846 1265 3929 quintumdecimum

193 4134 221 4202 ὅ)
247 4130 385 4198 Quaenam
419 4127 519 4182 1111111111
546 4125 714 4194 epheborum
740 4132 834 4196 partes
862 4129 892 4182 in
918 4127 961 4182 his
985 4128 1068 4182 sacris
1096 4117 1265 4182 celebrandis

121 4224 231 4290 praeter
256 4218 400 4288 plebiscita
426 4216 474 4272 illa
496 4213 580 4270 etiam
603 4233 640 4268 ex
665 4217 777 4274 decreto
800 4218 888 4288 gentis
912 4217 1137 4286 Eumolpidarum
1162 4219 1264 4274 aaa

121 4327 150 4378 p.
170 4311 222 4362 238
240 4305 428 4376 intelligimus,
447 4316 600 4370 quanquam
618 4303 693 4372 prior
711 4305 768 4362 eius
785 4324 857 4375 pers,
883 4305 919 4361 ad
935 4304 1005 4360 irinc
1022 4321 1081 4358 rem
1099 4321 1264 4374 cognoscen-

122 4397 185 4450 tiam
203 4396 286 4464 longe
305 4394 463 4464 3111111111
480 4411 536 4447 non
554 4401 677 4462 superest
693 4394 747 4448 nisi
762 4396 860 4450 misere
878 4395 977 4448 lanera

193 4480 253 4552 6111
275 4478 335 4553 ἅμα
353 4484 439 4552 ἱεροῖς
454 4480 548 4552 πομπή
567 4480 597 4536 O.
615 4482 638 4536 Ι.
657 4483 704 4538 Gr.
724 4486 785 4536 118.
