3082 5076
700 333 717 392 3

127 499 213 588 (Ep.
235 499 307 584 ἄρχ.
329 523 362 566 n.
386 505 416 568 4.
445 503 521 587 107)
538 502 693 594 ,quintum
721 522 753 585 p.
778 504 852 566 288.
901 500 990 579 Quae
1017 522 1076 587 ego
1105 461 1274 570 brevitatis

126 627 227 674 causa
249 607 327 673 solis
349 627 554 672 numerorum
577 607 675 690 signis
703 610 730 672 1.
755 610 784 671 2.
803 609 831 671 3.
855 611 885 671 4.
905 610 935 670 5.
958 626 996 673 eo
1019 607 1217 692 ordineque
1240 630 1274 674 se

127 712 294 795 excipiunt
315 713 349 777 in
362 702 551 792 ‘Philistora
575 709 773 794 significabo.

216 815 267 880 Ex
288 816 337 881 his
359 816 463 882 titulis
485 817 706 901 unusquisque
735 815 894 896 continet,
923 821 982 882 aut
1010 819 1096 880 certe
1118 816 1275 882 continuit

128 914 220 1002 (nem
242 901 373 1002 praeter
393 919 453 984 hos
486 920 628 1002 quinque
649 918 706 984 alii
727 938 836 983 omnes
866 916 1037 984 admodum
1059 919 1164 986 mutili
1185 923 1274 1006 sunt)

128 1021 195 1088 duo
217 1022 387 1107 plebiscita
410 1023 669 1103 Atheniensium,
692 1043 830 1105 quormn
850 1021 959 1105 priore
982 1021 1097 1106 ephebi
1118 1028 1151 1088 et
1174 1025 1273 1108 magi-

127 1126 201 1208 stri,
224 1127 326 1194 altero
339 1133 480 1195 cosmeta
494 1127 586 1194 finito
605 1126 761 1210 ephebiae
783 1147 867 1192 enno
890 1125 1114 1192 collaudentur
1135 1134 1274 1194 414414-

128 1231 180 1296 nis
202 1237 370 1298 ornantur.
412 1232 492 1298 Post
524 1251 563 1297 ee
595 1231 630 1296 in
650 1229 812 1296 nonnullis
841 1229 1001 1314 lapidibus
1025 1231 1114 1318 (dd.
1135 1232 1230 1298 inser.
1258 1237 1273 1296 1
1377 1239 1379 1243 ’

130 1358 161 1401 v.
185 1339 324 1402 53-83.
348 1343 369 1402 4
391 1361 419 1403 v.
444 1335 586 1424 75-89)
617 1336 683 1402 alia
704 1335 949 1402 Atheniensium
974 1341 1008 1403 et
1030 1336 1275 1403 Salaminiorum

131 1439 264 1505 decreta
285 1440 457 1522 adduntur,
481 1461 563 1525 quae
576 1440 618 1505 ad
640 1444 730 1504 certa
752 1438 911 1522 quaedam
933 1459 1026 1504 sacra
1047 1443 1219 1524 pertinent,
1240 1442 1275 1505 in

131 1542 248 1626 quibus
271 1541 472 1608 celebrandis
495 1542 612 1627 ephebi
625 1542 720 1608 laude
743 1541 857 1626 dignos
872 1561 906 1606 se
922 1543 1161 1626 praestiterim
1177 1545 1275 1612 Deni-
1385 1537 1393 1545 ’

133 1669 196 1732 que
217 1649 251 1714 in
272 1647 336 1714 fine
359 1650 501 1714 omnium
522 1649 719 1732 epheborum
743 1646 910 1732 catalogus
931 1648 1145 1734 subiungitur.

218 1752 287 1819 Iam
309 1753 350 1820 de
380 1759 538 1837 tempore,
566 1775 630 1839 quo
652 1752 713 1818 hae
741 1752 967 1836 inscriptiones
989 1755 1186 1838 compositae
1212 1757 1277 1821 sint

132 1857 303 1926 uideamus.
359 1860 466 1943 Atque
495 1858 719 1944 antiquissima
751 1857 880 1941 quidem
902 1864 951 1924 est
972 1859 1134 1944 Rangabe
1148 1883 1178 1926 n.
1203 1865 1276 1927 993.

137 1961 201 2028 Ubi
226 1957 326 2047 'quum
357 1965 391 2028 in
420 1963 564 2030 tribuum
596 1963 697 2044 serie,
731 1984 790 2046 per
820 1983 900 2046 quas
930 1963 1127 2046 epheborum
1147 1967 1277 2032 nomina

134 2065 292 2152 disposita
322 2074 412 2143 sunt,
444 2067 576 2146 Leontis
607 2073 640 2131 et
666 2066 852 2132 Acamanti's
882 2087 916 2132 se
950 2068 1129 2151 excipiant,
1162 2069 1276 2136 ultima

132 2190 209 2236 vcro
232 2171 276 2238 sit
296 2170 472 2252 Antiochia,
496 2169 627 2234 titulum
649 2174 725 2234 ante
744 2167 944 2234 Ptolemaide
966 2174 999 2234 41
1020 2171 1175 2254 Attalida,
1199 2194 1277 2256 qua·

132 2296 205 2340 rum
225 2273 305 2341 haee
324 2275 488 2356 ultimum,
521 2273 578 2338 ille
613 2273 760 2357 quintum
791 2272 897 2338 locum
927 2266 1077 2355 tenebat,
1109 2276 1278 2342 institutas

133 2379 351 2464 conscriptum
382 2401 452 2446 esse
475 2382 622 2463 apparet.
663 2377 764 2460 Atqui
794 2397 861 2443 non
882 2377 992 2442 decem
1024 2378 1082 2443 sed
1111 2379 1278 2446 duodecim

132 2483 232 2550 fuisse
253 2484 358 2550 tribus
380 2485 414 2548 in
436 2484 497 2548 hac
518 2482 744 2565 inscriptione,
773 2481 822 2547 ita
844 2481 989 2564 quidem,
1019 2488 1056 2547 ut
1082 2483 1166 2550 duae
1188 2491 1278 2552 ante·

135 2589 286 2655 oederent
314 2588 548 2668 Erechtheida‚
579 2586 814 2652 demonstravit
842 2584 997 2668 Rangahd
1018 2585 1039 2650 l.
1062 2586 1083 2650 l.
1098 2588 1136 2671 ³).
1189 2588 1291 2667 Quae,

132 2693 263 2760 luerunt
295 2694 364 2760 sine
393 2694 492 2760 dubio
513 2681 683 2775 Antigonis
709 2694 742 2756 et
763 2688 960 2772 Demetrias,
990 2711 1072 2773 quas
1102 2692 1223 2775 primas
1245 2693 1306 2760 in·

133 2799 246 2864 ordine
267 2799 412 2865 tribuum
432 2799 531 2864 fuisse
553 2818 574 2862 a
594 2793 755 2862 Boeelrhio
777 2794 820 2860 ad
841 2793 876 2860 O.
896 2795 921 2859 I.
938 2794 994 2860 Gr.
1017 2818 1049 2861 n.
1067 2800 1125 2861 111
1150 2797 1279 2864 demon·

135 2909 276 2970 stratum
297 2910 331 2971 41
361 2904 476 2970 deinde
508 2901 597 2970 tituli
618 2901 720 2984 Rang.
748 2921 789 2968 n„
804 2903 867 2964 478
899 2900 1082 2968 testimonio
1112 2903 1278 2969 confirma·

134 3014 205 3076 tum
226 3012 324 3096 est4).
368 3009 482 3095 Itaque
510 3007 595 3073 inter
624 3025 725 3071 annos
748 3025 778 3070 a.
802 3002 859 3069 ch.
881 3026 912 3069 n.
939 3008 1000 3069 307
1023 3010 1056 3070 et
1079 3011 1141 3071 265
1163 3009 1279 3075 titulus

136 3117 288 3180 exaratus
309 3118 369 3180 est
602 3117 610 3126 ”

134 3385 167 3438 L.
179 3385 348 3455 Grasberger
357 3387 385 3440 in
399 3385 644 3458 »Verhandlungen
658 3389 708 3442 der
717 3386 935 3458 philologisohen
950 3384 1130 3440 Gesellsohatt
1144 3385 1173 3438 in
1184 3385 1278 3440 Wiirz·

131 3473 206 3543 ,burg
230 3475 317 3528 1862«
337 3475 397 3530 init.
433 3479 486 3547 Qui
502 3479 573 3534 liber
592 3486 651 3536 tum
669 3481 779 3534 demum
806 3493 889 3544 quum
913 3474 981 3530 haec
1005 3475 1199 3529 commentatio
1226 3473 1280 3526 iem
1369 3459 1372 3470 ¹

135 3561 221 3616 literis
239 3561 399 3633 consignata
417 3572 496 3639 esset,
516 3570 551 3623 ad
569 3587 613 3623 me
631 3567 767 3638 pervenit,
785 3563 872 3618 itaut
891 3563 947 3618 eius
965 3563 1099 3618 rationem
1112 3561 1214 3618 habere
1225 3578 1280 3615 non

134 3666 253 3719 possem.
281 3651 334 3706 Sed
351 3652 380 3706 in
400 3647 475 3710 ealce
493 3657 570 3714 huius
588 3658 676 3714 libelli
692 3673 761 3727 quae
778 3655 904 3710 addenda
922 3653 990 3708 mihi
1007 3652 1140 3721 videntur,
1158 3651 1267 3706 addam.
1336 3702 1339 3710 ,

208 3758 236 3826 3)
254 3757 307 3812 Per
332 3763 388 3814 tres
416 3764 555 3820 columnas
586 3765 753 3836 singularum
783 3763 903 3816 tribuum
937 3760 1036 3830 ephebi
1061 3758 1187 3828 dispositi
1209 3765 1280 3824 sunt,

135 3862 224 3915 pmma
242 3847 367 3902 columna
385 3849 514 3920 interiit}
527 3847 692 3924 reliquarum
709 3860 821 3921 utraque
839 3855 966 3920 quattuor
983 3849 1070 3904 tribus
1086 3849 1222 3918 continet,
1242 3849 1281 3902 ita

137 3937 167 3988 ut
185 3935 304 3990 secunda
327 3954 345 3990 4
361 3938 543 4013 Pandionide,
568 3945 650 4000 tertia
676 3941 859 4011 aOecropide
883 3938 1126 4016 incipiatpitaque
1152 3937 1221 3993 duae
1245 3938 1280 3992 ad

137 4023 300 4093 explendam
317 4028 436 4096 primam
454 4031 608 4087 columnam
625 4051 680 4088 non
698 4031 844 4086 suffieirmt.

208 4131 235 4199 4)
253 4131 335 4186 Aliud
352 4133 537 4190 testimonium
555 4137 602 4193 hio
620 4138 703 4202 114441
721 4139 832 4193 addere.
867 4136 978 4191 Scilicet
996 4140 1051 4201 Εφ.
1070 4131 1131 4202 ἀρχ.
1150 4151 1178 4186 n.
1198 4135 1279 4187 2462.

46 4255 51 4260 -
136 4221 207 4273 2464
225 4220 254 4272 in
281 4221 387 4276 duobus
411 4222 571 4293 fragmentis
597 4229 783 4300 catalogorum
806 4230 869 4280 ente
886 4223 1069 4279 Erechtheida
1095 4222 1209 4276 duarum
1233 4219 1281 4272 tri·

135 4305 219 4360 buum
237 4310 349 4363 nomina
364 4311 474 4380 antiquo
492 4316 616 4385 tempore
636 4322 758 4375 consulto
770 4319 860 4374 delete
877 4321 954 4384 sunt3
971 4309 1198 4389 quumsciemns,
1216 4323 1282 4360 nun·

135 4413 215 4463 quam
234 4399 301 4452 elias
319 4399 406 4454 tribus
425 4417 457 4455 eo
475 4403 536 4457 loco
555 4405 656 4473 positas
674 4409 767 4479 luisse,
792 4404 945 4461 Demetrias
970 4408 998 4458 et
1015 4399 1157 4470 Antigonia
1181 4397 1281 4452 fuerint

953 4500 994 4564 1*
