3082 5076
806 271 846 336 78

256 437 386 522 quidem
425 437 465 506 de
497 439 636 505 maxima
668 439 726 506 illa
761 460 879 525 pompa
907 437 1165 520 Panathenaioa,
1199 436 1259 504 sed
1290 435 1397 520 potius

258 564 342 623 ,uon
376 543 466 610 einer
487 543 677 610 Procession
711 544 767 611 des
789 544 1004 612 Pallasbildes
1041 565 1083 610 an
1117 545 1220 609 sinam
1252 541 1312 606 der
1341 539 1398 604 mit

255 648 466 729 ritteiiichen,
488 649 695 734 gymnisohen
716 648 783 715 und
795 649 978 716 musisohcn
990 645 1233 732 Wettkiimpfen
1249 642 1396 711 beschilf·

256 753 360 836 tigten
382 750 467 836 Tage
496 752 554 817 der
574 752 854 819 Panathenaeen.“
899 751 963 819 Sed
991 773 1095 837 neque
1124 751 1165 816 de
1196 749 1255 816 tali
1281 767 1399 833 pompa

259 854 498 940 Grasbergerus
520 857 742 923 testimonium
764 857 892 938 attulit,
923 877 1028 940 neque
1058 861 1215 941 quantum
1244 874 1304 940 ego
1334 855 1398 919 scio

257 957 386 1025 aliunde
415 965 494 1025 nota
525 964 586 1024 est.
638 959 761 1025 Deinde
783 981 875 1042 vero,
898 960 932 1027 id
962 960 1049 1045 quod
1076 959 1155 1025 mihi
1177 959 1398 1043 gravissimum

256 1065 398 1145 vidauu,
431 1063 621 1129 vocabulum
645 1062 793 1149 Φαληροῖ
812 1065 853 1130 de
874 1063 1112 1131 Panathenaeis
1142 1063 1280 1148 cogitari
1301 1065 1398 1139 vetat,

256 1190 355 1254 quum
377 1167 445 1233 ludi
465 1167 514 1233 illi
544 1189 609 1234 non
630 1167 778 1250 Phaleri,
809 1169 866 1236 sed
894 1169 929 1235 in
950 1169 1176 1234 Echehdarum
1199 1168 1312 1247 demo,
1345 1164 1398 1229 ubi

256 1279 329 1352 erat
356 1272 599 1338 Atheniensium
630 1272 863 1357 hippodromus
897 1274 1019 1360 (Meier
1048 1273 1131 1358 hllg.
1164 1272 1297 1357 Encyol.
1330 1269 1397 1334 Art.

256 1375 504 1442 Panathenaeen
533 1397 565 1460 p.
589 1378 678 1463 283),
712 1378 777 1444 aeti
812 1378 887 1444 sint.
932 1378 1055 1445 Contra
1087 1399 1186 1462 quum
1216 1373 1398 1458 Oschopho·

257 1481 378 1548 riorum
399 1501 551 1565 pompam
572 1479 606 1547 in
627 1481 770 1549 Palladis
791 1483 947 1567 templum
957 1482 1087 1548 Phaleri
1109 1482 1207 1548 situm
1228 1479 1399 1546 deductam

257 1607 330 1652 esse
352 1591 494 1667 constet,
529 1585 641 1670 quidni
670 1586 766 1652 simul
795 1589 893 1654 etiam
926 1588 1006 1655 deae
1037 1587 1245 1655 simulacrum
1275 1605 1315 1651 ao
1347 1583 1397 1648 de·

256 1690 358 1758 latum
381 1691 446 1756 sit?

344 1795 385 1860 ad
407 1817 440 1880 p.
464 1799 516 1860 64.
560 1795 611 1860 Ex
633 1796 759 1862 duobus
780 1797 845 1863 illis
870 1797 1048 1881 plebiscitis
1070 1816 1154 1880 quae
1176 1797 1281 1880 primo
1304 1791 1397 1860 titulo

255 1899 470 1965 subiiciuntur
498 1905 532 1965 et
560 1899 603 1965 ad
623 1900 743 1966 Bacchi
764 1902 922 1985 quaedam
952 1919 1046 1966 sacra
1073 1901 1254 1984 pertinent,
1304 1898 1396 1964 Gras-

255 2003 428 2086 bergerus,
469 2001 569 2087 quuim
602 2002 641 2070 de
674 2004 778 2070 altero
812 2005 855 2070 ad
884 2025 1001 2090 magna
1036 2003 1192 2089 Dionysia
1232 1999 1397 2068 referendo

254 2128 379 2173 mecum
408 2109 607 2190 consentiat,
641 2109 750 2193 prius,
782 2109 867 2193 quod
899 2131 957 2194 ego
990 2108 1032 2174 ad
1054 2108 1171 2174 Piraea
1200 2107 1328 2187 refero,
1361 2104 1397 2168 de

253 2212 392 2278 Leucata
422 2209 591 2295 intellegit.
643 2212 708 2278 Res
740 2212 968 2279 obscurissima
1002 2219 1068 2294 est,
1112 2233 1216 2297 neque
1251 2210 1396 2296 equidem

254 2316 378 2400 aliquid
398 2318 478 2383 certi
500 2316 635 2384 inveniri
658 2337 753 2402 posse
775 2318 911 2384 confido.
957 2318 1081 2384 Tamen
1104 2338 1202 2402 quum
1215 2317 1299 2382 miro
1323 2334 1396 2399 quo·

255 2421 331 2486 dam
353 2441 431 2487 casu
452 2420 486 2487 id
508 2442 605 2486 unum
628 2421 818 2489 vocabulum
847 2423 948 2506 ipsius
972 2422 1115 2502 decreti,
1150 2419 1236 2485 unde
1258 2419 1340 2486 haec
1360 2417 1395 2482 lis

256 2524 363 2590 dirimi
376 2529 496 2610 posset,
520 2526 635 2592 ceteris
659 2526 806 2592 omnibus
817 2527 962 2610 integris,
985 2525 1156 2605 interierit,
1180 2529 1213 2590 et
1226 2529 1396 2607 propterea

253 2650 293 2695 ex
314 2629 386 2714 ipso
407 2629 537 2696 decreto
560 2629 640 2695 nihil
662 2629 773 2696 auxilii
794 2631 862 2714 pati
883 2631 1004 2715 possit,
1037 2636 1204 2695 externum
1228 2646 1395 2712 argumen-

253 2737 324 2799 tum
346 2733 563 2817 quaerandum
589 2739 649 2801 est.
694 2734 787 2812 Quod
808 2755 881 2800 mea
907 2735 1068 2801 sententia
1090 2734 1151 2800 hoc
1174 2738 1240 2800 est:
1273 2733 1313 2799 In
1334 2751 1395 2796 om·

255 2837 351 2903 nibus
373 2837 437 2904 illis
459 2837 657 2922 plebiscitis,
691 2860 773 2924 quaa
803 2839 896 2906 finito
919 2839 1076 2923 ephebiae
1107 2859 1191 2904 anno
1214 2838 1257 2903 ad
1279 2837 1406 2903 collam

256 2940 380 3006 dandos
402 2941 646 3025 ephebosfiunt,
668 2963 794 3027 semper
816 2945 929 3010 eadem
950 2945 1014 3010 duo
1025 2942 1144 3008 Bacchi
1167 2963 1260 3008 sacra
1282 2939 1394 3024 quibus

253 3044 302 3110 illi
322 3045 544 3127 interfuerint,
575 3067 691 3132 magna
713 3048 868 3134 Dionysia
891 3049 963 3115 dico
995 3053 1027 3114 et
1049 3047 1184 3128 Piraea‚
1208 3063 1394 3112 commemo-

254 3153 378 3214 rantur.
421 3150 510 3216 Haec
540 3172 616 3218 vero
646 3152 710 3218 duo
732 3153 917 3237 plebiscita,
951 3172 1036 3236 quae
1058 3152 1146 3217 intra
1175 3152 1281 3235 ipsum
1304 3149 1394 3234 ephe·

255 3255 330 3320 biae
352 3254 570 3321 annumiacta
590 3262 676 3338 eunt,
700 3277 738 3323 eo
761 3258 894 3323 consilio
915 3257 979 3322 illis
1002 3256 1251 3340 subiunguntur,
1274 3261 1313 3321 ut
1329 3260 1394 3320 tan·

256 3379 353 3445 quam
374 3364 475 3425 testes
505 3359 571 3425 sint
603 3381 713 3426 eorum
743 3382 826 3446 quae
856 3361 966 3428 ibide
996 3361 1128 3445 ephebis
1161 3360 1392 3444 praedicantur.

256 3463 364 3541 Quare
387 3463 429 3529 ad
452 3464 580 3529 easdam
602 3485 653 3530 res
674 3465 843 3532 referenda
864 3487 935 3532 esse
956 3467 1042 3546 mihi
1056 3466 1215 3531 videntur.

344 3567 387 3633 ad
408 3588 440 3652 p.
464 3572 517 3633 66.
568 3568 730 3636 Minervae
753 3571 918 3637 Victoriae
948 3571 1007 3637 illa
1033 3591 1127 3636 sacra
1157 3569 1391 3654 Grasbergerus

254 3695 286 3756 p.
322 3676 369 3737 44·
394 3672 625 3740 Panathenaea
667 3677 792 3741 minora
827 3697 898 3742 esse
937 3675 1023 3757 vult,
1070 3675 1170 3741 allato
1212 3673 1308 3739 titulo
1347 3689 1393 3751 ap.

256 3775 412 3861 Rangabd
447 3799 495 3842 nr.
527 3781 600 3842 814.
670 3778 732 3845 Sed
765 3781 862 3845 etiam
903 3779 955 3845 hic
1001 3778 1116 3844 titulus
1164 3777 1393 3843 dubitationem

253 3900 344 3972 eam,
375 3880 416 3946 de
449 3902 513 3967 qua
535 3903 634 3966 supra
669 3883 736 3948 dixi
767 3905 832 3948 non
861 3883 966 3965 tollit3
1003 3882 1050 3948 ibi
1085 3882 1169 3947 enim
1199 3901 1239 3946 ex
1267 3881 1389 3963 integra

254 3984 450 4051 hecatombe
470 3985 635 4052 Minervae
657 3987 783 4054 Poliadi
806 3987 969 4054 destinata
1001 4007 1066 4054 unu
1092 3990 1221 4052 tantum
1256 3979 1392 4069 quamvis

253 4088 470 4173 pulcherrima
489 4110 587 4156 vacca
609 4090 773 4158 Minervae
795 4093 959 4158 Victoriae
981 4095 1153 4158 mactatur.

341 4193 437 4278 adp.
462 4199 514 4259 68.
562 4195 637 4260 lure
659 4195 898 4281 Grasbergerus
927 4219 958 4281 p.
983 4202 1034 4262 21.
1058 4200 1099 4260 65
1121 4199 1250 4276 monet,
1284 4195 1392 4262 mirum

257 4319 344 4380 esse,
382 4298 469 4382 quod
504 4305 666 4365 certamen
705 4301 818 4367 navale
849 4299 1093 4385 Munychiorum
1122 4298 1218 4364 inser.
1248 4302 1267 4363 3
1301 4321 1327 4364 v.
1356 4294 1390 4358 21

254 4422 388 4484 prorsus
419 4403 452 4466 in
481 4401 664 4467 uuiversum
687 4404 753 4481 „dv
782 4406 825 4491 τῷ
847 4406 952 4486 λιμένι
962 4414 986 4442 “
1005 4403 1126 4469 factum
1156 4421 1227 4468 esse
1257 4402 1392 4474 dicatum
