3082 5076
707 369 747 429 27

153 556 284 602 summa
316 557 395 602 cura
423 535 619 620 epheborum
651 559 703 603 res
737 543 770 602 et
803 535 956 601 instituta
983 536 1187 618 prosecutam
1222 549 1302 595 esse.

156 643 249 722 Quae
283 663 360 709 cura
388 645 534 728 inprimis
561 645 595 710 in
617 645 679 710 fine
713 643 869 728 ephebiae
898 642 1069 726 conspicua
1099 644 1179 704 erat.
1224 635 1328 718 Tum,

159 748 246 812 enim
268 748 407 831 primum
428 748 614 837 institutum
637 753 717 828 erat,
741 754 779 814 ut
801 747 917 832 ephebi
939 746 1065 812 senatui
1088 743 1305 821 ostenderent,

156 852 237 936 quid
267 852 301 916 in
323 853 421 918 armis
449 853 611 946 rebusque
639 853 767 918 tactiois
800 852 1012 936 profecissent
1032 852 1066 934 ¹).
1120 848 1190 925 Quo
1219 846 1306 912 facto

156 957 314 1041 proximis
341 963 417 1040 post
438 956 534 1023 finem
564 957 719 1042 ephebiae
742 957 855 1023 diebus
877 976 917 1021 ex
947 959 1078 1021 senatus
1102 951 1249 1018 consulto
1272 951 1306 1015 in

157 1061 298 1125 comitiis
321 1060 484 1128 decretum
508 1066 567 1142 est,
591 1065 628 1126 ut
649 1060 765 1144 ephebi
788 1081 896 1141 aurea,
924 1060 1070 1144 magistri
1091 1079 1166 1123 vero
1189 1055 1307 1140 singuli

157 1165 263 1230 olivae
288 1163 447 1252 (dotted)
478 1186 596 1230 corona
624 1173 825 1230 ornarentur.
878 1165 1002 1230 Deinde
1033 1164 1147 1231 iisdem
1170 1161 1308 1227 comitiis

159 1273 196 1355 (3
219 1292 247 1334 v.
273 1272 329 1355 66)
362 1276 419 1336 aut
442 1267 566 1352 aliquot
586 1269 752 1336 mensibus
775 1275 849 1354 post
871 1276 1033 1337 cosmetae
1057 1289 1184 1354 quoque
1208 1285 1308 1331 aurea

158 1395 281 1440 corona
304 1375 548 1441 decernebatur.
594 1373 655 1451 Qui
677 1372 817 1439 honores
849 1373 964 1440 deinde
987 1374 1148 1459 Dionysiis
1170 1373 1306 1457 magnis,

157 1476 333 1544 Eleusiniis
354 1485 386 1544 et
399 1477 633 1544 Panathenaeis
655 1499 675 1543 a
696 1499 855 1561 praecone
877 1479 1157 1559 renuntiabantur,
1183 1485 1215 1543 et
1237 1476 1303 1560 plc-

158 1583 267 1648 biseiti
304 1584 367 1650 duo
391 1585 589 1669 exemplaria
609 1583 773 1669 lapidibus
795 1583 1040 1664 incidebantur;
1069 1603 1206 1666 quorum
1228 1580 1307 1646 elte-

160 1695 233 1752 rum
255 1689 289 1753 in
311 1688 396 1766 foro,
425 1687 562 1754 alterum
585 1689 724 1755 fortasse
754 1689 788 1753 in
809 1687 993 1754 Ptolemaeo
1016 1686 1187 1776 ,gymnasio
1209 1703 1306 1768 pone·

161 1791 263 1856 batur
285 1794 370 1877 (cap.
392 1793 438 1858 ΠΙ
460 1799 488 1875 ξ.
515 1795 556 1882 1).

250 1913 312 1979 Sed
334 1915 431 1980 etiam
454 1917 542 1980 intra
563 1913 718 1998 ephebiae
747 1933 866 1978 annum
888 1931 971 1996 quae
993 1909 1109 1976 fierent
1131 1907 1305 1975 accuratis·

163 2016 243 2082 sime
274 2021 451 2086 constituta
476 2021 574 2087 fuisse
602 2021 727 2106 legibus
755 2023 788 2083 et
816 2015 994 2101 plebiscitis
1017 2015 1174 2094 videmus,
1206 2034 1306 2097 quum

160 2121 196 2185 iu
227 2121 330 2188 titulis
362 2124 429 2189 fere
460 2126 566 2190 omnia
600 2146 682 2208 quae
710 2124 826 2207 ephebi
854 2123 1015 2200 fecerunt,
1052 2121 1140 2186 velut
1168 2137 1306 2204 pompae

161 2227 196 2309 (l
220 2247 250 2290 v.
275 2231 305 2309 7)
327 2227 487 2294 sacrificia
509 2232 560 2316 (2,
588 2231 641 2314 16)
671 2228 891 2312 expeditiones
919 2223 1077 2290 militares
1101 2223 1150 2309 (3',
1174 2227 1225 2287 22.
1250 2223 1306 2307 85)

160 2329 243 2392 κατὰ
266 2330 304 2392 τοὶ
328 2334 517 2416 ψηφίσματα
545 2333 632 2399 facta
660 2353 730 2397 esse
754 2333 913 2396 dieantur.
965 2331 1032 2394 Imo
1056 2330 1152 2394 etiam
1175 2326 1308 2394 anathe-

160 2439 268 2515 mata,
292 2454 375 2517 quae
399 2436 514 2520 ephebi
538 2437 605 2502 deis
628 2436 796 2516 offerrent,
820 2457 885 2500 non
906 2435 1020 2519 pietati
1044 2454 1153 2498 eorum
1183 2437 1216 2497 et
1238 2453 1306 2496 mu-

161 2536 345 2604 nificentiae
368 2542 542 2622 permissa,
578 2543 633 2608 sed
658 2542 786 2606 decreto
816 2540 926 2622 populi
948 2538 1080 2604 definita
1101 2542 1195 2602 erant
1218 2533 1306 2622 (α’νέ-

163 2645 274 2726 θηκαν
301 2641 414 2706 δὲκαὶ
438 2645 562 2732 φιάλην
583 2651 620 2738 τῇ
642 2640 749 2731 Μητρὶ
770 2647 833 2706 τῶν
856 2647 946 2705 θεῶν
976 2641 1042 2708 ἀπὸ
1068 2643 1217 2726 δραχμῶν
1239 2659 1307 2706 στε-

164 2747 363 2832 φανηφόρον
386 2748 500 2812 ἑκατὸν
522 2751 602 2814 κατὰ
625 2751 659 2813 τὸ
684 2747 840 2834 ψήφισμα
864 2751 882 2810 ὃ
905 2747 1129 2832 Διοσκουρίδης
1151 2753 1307 2811 Διοσκου-

164 2850 257 2933 pldov
281 2852 440 2936 Φηγαιεὺς
460 2855 591 2941 εἶπενῗ)
615 2859 644 2936 3,
665 2859 717 2918 41.
760 2851 830 2935 ’Eua
853 2851 926 2935 οἶρχ.
951 2857 1034 2916 4041
1059 2854 1180 2938 aaa).
1224 2851 1306 2916 Item

164 2956 205 3020 de
236 2962 364 3022 centum
400 2958 492 3025 libris
526 2960 560 3024 in
594 2957 822 3025 bibliothecam
854 2957 888 3021 in
916 2955 1099 3022 Ptolemaeo
1131 2953 1306 3022 inferendis

164 3061 330 3144 proprium
363 3062 567 3144 plebiscitum
597 3064 758 3148 perlatum
788 3084 857 3128 esse
891 3063 1092 3129 demonstrat
1112 3063 1209 3127 inser.
1234 3065 1252 3124 5
1275 3083 1305 3125 r.

166 3171 184 3229 7
208 3188 255 3250 sq.
302 3165 392 3243 Quae
413 3168 521 3233 omnia
542 3166 575 3232 id
598 3169 713 3233 testari
734 3168 896 3249 videntur,
920 3167 1008 3252 quod
1030 3187 1130 3250 supra
1153 3164 1236 3244 dixi,
1265 3181 1303 3229 eo

166 3271 247 3353 ipso,
273 3271 360 3354 quod
396 3272 504 3336 omnia
526 3292 609 3355 quae
643 3278 739 3337 antea
771 3273 903 3357 singulis
926 3273 1083 3357 permissa
1107 3274 1200 3335 erant
1228 3274 1307 3334 tune

163 3374 294 3458 publica
327 3376 521 3441 auctoritate
551 3375 813 3460 imperabantur,
856 3377 992 3442 indicari
1022 3375 1136 3440 civium
1165 3375 1306 3439 animum
1375 3432 1380 3439 .

163 3497 228 3543 non
250 3479 315 3544 iam
337 3499 410 3544 eum
432 3480 547 3562 fuisse,
580 3487 617 3546 ut
639 3480 742 3546 multa
763 3481 796 3546 in
819 3482 916 3548 rebus
949 3479 1086 3565 publicis
1109 3499 1168 3544 sua
1190 3482 1305 3561 sponte

35 3617 39 3624 ‚
163 3588 316 3651 tacerent.

252 3709 374 3775 (lontra
396 3712 526 3774 senatus
541 3705 819 3789 Areopagitarum,
842 3707 933 3775 cuius
954 3708 1130 3773 auctoritas
1152 3705 1306 3769 istotem·

164 3840 244 3902 pore
266 3819 371 3884 denuo
394 3819 491 3882 aucta
511 3817 597 3891 erat,
630 3809 664 3874 in
686 3811 791 3876 titulis
824 3813 952 3896 quidem
974 3830 1138 3893 nunquam
1171 3829 1306 3874 comme·

238 4078 266 4146 1)
286 4077 371 4132 Tituli
391 4081 415 4144 (1
435 4095 462 4132 v.
482 4081 526 4130 21.
544 4081 560 4132 2
577 4097 604 4133 v.
622 4081 667 4132 32.
687 4082 712 4146 3,
732 4081 776 4131 41.
788 4081 820 4147 ¹4,
841 4079 885 4146 29)
904 4075 973 4128 nihil
984 4075 1036 4128 nisi
1049 4073 1117 4128 haec
1135 4074 1307 4138 „lucrium

159 4162 193 4221 di
211 4167 257 4219 xci
275 4166 319 4218 ἐπ’
340 4167 424 4234 ἐξόδῳ
443 4165 485 4230 τῆς
502 4169 627 4234 ἐφηβείας
644 4165 689 4232 ἠν
706 4164 845 4226 ἀπόδειξιν
863 4165 892 4237 η)
910 4163 1024 4235 βοολῇιξ
1041 4164 1086 4217 vel
1098 4163 1188 4216 simile
1205 4163 1307 4231 aliquid

162 4257 308 4325 exhibent3
326 4256 375 4309 sed
393 4256 450 4308 sine
468 4255 552 4309 dubio
570 4257 735 4325 cogitatione
753 4256 910 4310 addendum
927 4259 970 4308 eat
988 4255 1017 4306 ἐν
1035 4249 1137 4312 ὅπλοις.

237 4350 263 4416 2)
282 4347 388 4402 Eodem
411 4344 530 4415 pertinet
546 4344 605 4413 'rip
626 4343 688 4416 ἀρχ.
707 4349 778 4401 4042
804 4363 828 4400 v.
847 4348 883 4400 38
907 4343 955 4399 ubi
978 4359 1049 4398 nunc
1071 4341 1203 4398 uocabula
1230 4348 1308 4419 ,οιοσ-

164 4431 342 4512 [κ]οο[ρ]ο’δοο
361 4431 498 4506 ψηγαοείς
515 4439 667 4502 supersunt.
