<?xml version="1.0" encoding="UTF-8"?>
<!DOCTYPE html PUBLIC "-//W3C//DTD XHTML 1.0 Transitional//EN"
    "http://www.w3.org/TR/xhtml1/DTD/xhtml1-transitional.dtd">
<html xmlns="http://www.w3.org/1999/xhtml" xml:lang="en" lang="en">
 <head>
  <title>
</title>
<meta http-equiv="Content-Type" content="text/html;charset=utf-8" />
  <meta name='ocr-system' content='tesseract 3.04.00' />
  <meta name='ocr-capabilities' content='ocr_page ocr_carea ocr_par ocr_line ocrx_word'/>
</head>
<body>
  <div class='ocr_page' id='page_1' title='image "./deephebisattici01dittgoog_0071.png"; bbox 0 0 3082 5076; ppageno 0'>
   <div class='ocr_carea' id='block_1_1' title="bbox 842 347 884 409">
    <p class='ocr_par' dir='ltr' id='par_1_1' title="bbox 842 347 884 409">
     <span class='ocr_line' id='line_1_1' title="bbox 842 347 884 409; baseline 0.048 -2"><span class='ocrx_word' id='word_1_1' title='bbox 842 347 884 409; x_wconf 88' lang='grc'><strong>60</strong></span> 
     </span>
    </p>
   </div>
   <div class='ocr_carea' id='block_1_2' title="bbox 277 513 1427 3212">
    <p class='ocr_par' dir='ltr' id='par_1_2' title="bbox 277 513 1427 808">
     <span class='ocr_line' id='line_1_2' title="bbox 279 513 1425 602; baseline -0.002 -20"><span class='ocrx_word' id='word_1_2' title='bbox 279 515 391 601; x_wconf 83' lang='lat' dir='ltr'><strong>(Thac.</strong></span> <span class='ocrx_word' id='word_1_3' title='bbox 414 515 477 597; x_wconf 86' lang='lat' dir='ltr'><strong>VI,</strong></span> <span class='ocrx_word' id='word_1_4' title='bbox 501 517 552 581; x_wconf 84' lang='lat'><strong>58.</strong></span> <span class='ocrx_word' id='word_1_5' title='bbox 586 515 663 601; x_wconf 81' lang='lat' dir='ltr'><strong>hys.</strong></span> <span class='ocrx_word' id='word_1_6' title='bbox 683 516 778 597; x_wconf 86' lang='lat' dir='ltr'>XIII,</span> <span class='ocrx_word' id='word_1_7' title='bbox 803 519 867 602; x_wconf 80' lang='lat'><strong>80).</strong></span> <span class='ocrx_word' id='word_1_8' title='bbox 913 516 1020 599; x_wconf 81' lang='lat' dir='ltr'><strong>Atque</strong></span> <span class='ocrx_word' id='word_1_9' title='bbox 1041 514 1107 582; x_wconf 85' lang='lat' dir='ltr'><strong>iam</strong></span> <span class='ocrx_word' id='word_1_10' title='bbox 1128 513 1222 581; x_wconf 88' lang='lat' dir='ltr'><strong>Plato</strong></span> <span class='ocrx_word' id='word_1_11' title='bbox 1244 514 1327 600; x_wconf 76' lang='lat' dir='ltr'><strong>legg.</strong></span> <span class='ocrx_word' id='word_1_12' title='bbox 1351 515 1425 596; x_wconf 77' lang='lat' dir='ltr'>VII,</span> 
     </span>
     <span class='ocr_line' id='line_1_3' title="bbox 280 616 1427 703; baseline -0.002 -18"><span class='ocrx_word' id='word_1_13' title='bbox 280 623 342 685; x_wconf 84' lang='grc'><strong>796</strong></span> <span class='ocrx_word' id='word_1_14' title='bbox 365 618 513 703; x_wconf 88' lang='lat' dir='ltr'><strong>inprimis</strong></span> <span class='ocrx_word' id='word_1_15' title='bbox 534 620 644 702; x_wconf 87' lang='lat' dir='ltr'><strong>pueris</strong></span> <span class='ocrx_word' id='word_1_16' title='bbox 665 620 907 703; x_wconf 73' lang='lat' dir='ltr'><strong>lenonibusque,</strong></span> <span class='ocrx_word' id='word_1_17' title='bbox 930 619 1118 702; x_wconf 77' lang='lat' dir='ltr'><strong>priusquam</strong></span> <span class='ocrx_word' id='word_1_18' title='bbox 1145 616 1323 685; x_wconf 82' lang='lat' dir='ltr'><strong>inbellem</strong></span> <span class='ocrx_word' id='word_1_19' title='bbox 1345 637 1427 700; x_wconf 87' lang='lat' dir='ltr'><strong>pro-</strong></span> 
     </span>
     <span class='ocr_line' id='line_1_4' title="bbox 277 721 1280 808; baseline -0.004 -18"><span class='ocrx_word' id='word_1_20' title='bbox 277 725 506 804; x_wconf 85' lang='lat' dir='ltr'><strong>ficiscerentur,</strong></span> <span class='ocrx_word' id='word_1_21' title='bbox 529 724 686 790; x_wconf 85' lang='lat' dir='ltr'><strong>eiusmodi</strong></span> <span class='ocrx_word' id='word_1_22' title='bbox 707 745 842 808; x_wconf 87' lang='lat' dir='ltr'><strong>pompas</strong></span> <span class='ocrx_word' id='word_1_23' title='bbox 865 722 1028 788; x_wconf 88' lang='lat' dir='ltr'><strong>ducendas</strong></span> <span class='ocrx_word' id='word_1_24' title='bbox 1051 742 1121 788; x_wconf 86' lang='lat' dir='ltr'><strong>ease</strong></span> <span class='ocrx_word' id='word_1_25' title='bbox 1144 721 1280 788; x_wconf 78' lang='lat' dir='ltr'><strong>dixerat.</strong></span> 
     </span>
    </p>

    <p class='ocr_par' dir='ltr' id='par_1_3' title="bbox 278 825 1426 1432">
     <span class='ocr_line' id='line_1_5' title="bbox 366 825 1425 912; baseline -0.001 -19"><span class='ocrx_word' id='word_1_26' title='bbox 366 827 446 893; x_wconf 81' lang='lat' dir='ltr'><strong>Cum</strong></span> <span class='ocrx_word' id='word_1_27' title='bbox 468 829 592 912; x_wconf 83' lang='lat' dir='ltr'>pompis</span> <span class='ocrx_word' id='word_1_28' title='bbox 615 828 763 894; x_wconf 88' lang='lat' dir='ltr'><strong>solebant</strong></span> <span class='ocrx_word' id='word_1_29' title='bbox 785 828 1039 894; x_wconf 88' lang='lat' dir='ltr'><strong>coniunctaesse</strong></span> <span class='ocrx_word' id='word_1_30' title='bbox 1063 826 1230 908; x_wconf 86' lang='lat' dir='ltr'><strong>sacrificia,</strong></span> <span class='ocrx_word' id='word_1_31' title='bbox 1252 825 1425 910; x_wconf 91' lang='lat' dir='ltr'><strong>inquibus</strong></span> 
     </span>
     <span class='ocr_line' id='line_1_6' title="bbox 278 930 1426 1016; baseline -0.002 -18"><span class='ocrx_word' id='word_1_32' title='bbox 278 934 467 1016; x_wconf 89' lang='lat' dir='ltr'><strong>plerumque</strong></span> <span class='ocrx_word' id='word_1_33' title='bbox 487 937 619 998; x_wconf 85' lang='lat' dir='ltr'><strong>taurum</strong></span> <span class='ocrx_word' id='word_1_34' title='bbox 642 934 809 1000; x_wconf 90' lang='lat' dir='ltr'><strong>immolant</strong></span> <span class='ocrx_word' id='word_1_35' title='bbox 832 930 964 1016; x_wconf 85' lang='lat' dir='ltr'>ephebi,</span> <span class='ocrx_word' id='word_1_36' title='bbox 987 952 1082 1015; x_wconf 88' lang='lat' dir='ltr'><strong>quem</strong></span> <span class='ocrx_word' id='word_1_37' title='bbox 1104 931 1248 1014; x_wconf 87' lang='lat' dir='ltr'><strong>ipsorum</strong></span> <span class='ocrx_word' id='word_1_38' title='bbox 1269 931 1426 1014; x_wconf 82' lang='lat' dir='ltr'><strong>impensis</strong></span> 
     </span>
     <span class='ocr_line' id='line_1_7' title="bbox 278 1033 1426 1120; baseline -0.003 -21"><span class='ocrx_word' id='word_1_39' title='bbox 278 1039 431 1119; x_wconf 87' lang='lat' dir='ltr'><strong>paratum</strong></span> <span class='ocrx_word' id='word_1_40' title='bbox 453 1055 523 1100; x_wconf 87' lang='lat' dir='ltr'><strong>esse</strong></span> <span class='ocrx_word' id='word_1_41' title='bbox 545 1055 774 1120; x_wconf 81' lang='lat' dir='ltr'><strong>nonnunquam</strong></span> <span class='ocrx_word' id='word_1_42' title='bbox 795 1036 830 1099; x_wconf 91' lang='lat' dir='ltr'><strong>in</strong></span> <span class='ocrx_word' id='word_1_43' title='bbox 851 1033 956 1100; x_wconf 82' lang='lat' dir='ltr'><strong>tltulis</strong></span> <span class='ocrx_word' id='word_1_44' title='bbox 984 1033 1124 1100; x_wconf 83' lang='lat' dir='ltr'><strong>refertur</strong></span> <span class='ocrx_word' id='word_1_45' title='bbox 1147 1035 1281 1120; x_wconf 81' lang='grc' dir='ltr'><strong><em>(ταῦρον</em></strong></span> <span class='ocrx_word' id='word_1_46' title='bbox 1301 1033 1337 1098; x_wconf 74' lang='grc' dir='ltr'><strong>ἐκ</strong></span> <span class='ocrx_word' id='word_1_47' title='bbox 1359 1037 1426 1096; x_wconf 77' lang='grc' dir='ltr'><strong>τῶν</strong></span> 
     </span>
     <span class='ocr_line' id='line_1_8' title="bbox 279 1129 1424 1226; baseline 0 -22"><span class='ocrx_word' id='word_1_48' title='bbox 279 1129 372 1204; x_wconf 76' lang='lat' dir='ltr'><strong>Idlcov</strong></span> <span class='ocrx_word' id='word_1_49' title='bbox 407 1137 476 1223; x_wconf 81' lang='grc' dir='ltr'><strong>Ἔφ.</strong></span> <span class='ocrx_word' id='word_1_50' title='bbox 507 1137 579 1221; x_wconf 81' lang='grc' dir='ltr'><strong>α’ρχ.</strong></span> <span class='ocrx_word' id='word_1_51' title='bbox 609 1144 693 1215; x_wconf 80' lang='grc'>4042</span> <span class='ocrx_word' id='word_1_52' title='bbox 729 1161 758 1204; x_wconf 82' lang='lat' dir='ltr'><strong>r.</strong></span> <span class='ocrx_word' id='word_1_53' title='bbox 793 1139 859 1226; x_wconf 86' lang='grc'><strong>16).</strong></span> <span class='ocrx_word' id='word_1_54' title='bbox 921 1138 1097 1204; x_wconf 89' lang='lat' dir='ltr'><strong>Praeterea</strong></span> <span class='ocrx_word' id='word_1_55' title='bbox 1128 1137 1324 1222; x_wconf 90' lang='lat' dir='ltr'><strong>quibusdam</strong></span> <span class='ocrx_word' id='word_1_56' title='bbox 1358 1137 1424 1204; x_wconf 89' lang='lat' dir='ltr'><strong>diis</strong></span> 
     </span>
     <span class='ocr_line' id='line_1_9' title="bbox 279 1241 1423 1330; baseline 0 -22"><span class='ocrx_word' id='word_1_57' title='bbox 279 1241 485 1310; x_wconf 83' lang='lat' dir='ltr'><strong>anathemata</strong></span> <span class='ocrx_word' id='word_1_58' title='bbox 508 1243 694 1326; x_wconf 87' lang='lat' dir='ltr'><strong>offeruntur,</strong></span> <span class='ocrx_word' id='word_1_59' title='bbox 715 1245 905 1330; x_wconf 88' lang='lat' dir='ltr'><strong>plerumque</strong></span> <span class='ocrx_word' id='word_1_60' title='bbox 925 1241 1054 1328; x_wconf 79' lang='lat' dir='ltr'><strong>phialae</strong></span> <span class='ocrx_word' id='word_1_61' title='bbox 1076 1248 1247 1327; x_wconf 79' lang='lat' dir='ltr'><strong>argenteae</strong></span> <span class='ocrx_word' id='word_1_62' title='bbox 1273 1247 1423 1308; x_wconf 87' lang='lat' dir='ltr'><strong>centena·</strong></span> 
     </span>
     <span class='ocr_line' id='line_1_10' title="bbox 280 1345 734 1432; baseline 0 -20"><span class='ocrx_word' id='word_1_63' title='bbox 280 1368 351 1412; x_wconf 89' lang='lat' dir='ltr'><strong>rum</strong></span> <span class='ocrx_word' id='word_1_64' title='bbox 372 1345 597 1421; x_wconf 83' lang='lat' dir='ltr'><strong>drachmarum</strong></span> <span class='ocrx_word' id='word_1_65' title='bbox 618 1349 734 1432; x_wconf 88' lang='lat' dir='ltr'><strong>pretio.</strong></span> 
     </span>
    </p>

    <p class='ocr_par' dir='ltr' id='par_1_4' title="bbox 278 1450 1427 2891">
     <span class='ocr_line' id='line_1_11' title="bbox 366 1450 1425 1541; baseline 0.001 -26"><span class='ocrx_word' id='word_1_66' title='bbox 366 1450 512 1536; x_wconf 87' lang='lat' dir='ltr'><strong>Denique</strong></span> <span class='ocrx_word' id='word_1_67' title='bbox 534 1454 691 1519; x_wconf 86' lang='lat' dir='ltr'><strong>accedunt</strong></span> <span class='ocrx_word' id='word_1_68' title='bbox 712 1451 873 1541; x_wconf 84' lang='lat' dir='ltr'><strong>permulta</strong></span> <span class='ocrx_word' id='word_1_69' title='bbox 904 1450 1115 1518; x_wconf 78' lang='lat' dir='ltr'><strong>certaminum</strong></span> <span class='ocrx_word' id='word_1_70' title='bbox 1136 1470 1268 1534; x_wconf 84' lang='lat' dir='ltr'><strong>genera,</strong></span> <span class='ocrx_word' id='word_1_71' title='bbox 1291 1457 1425 1535; x_wconf 85' lang='lat' dir='ltr'><strong>praeter</strong></span> 
     </span>
     <span class='ocr_line' id='line_1_12' title="bbox 280 1551 1427 1645; baseline 0 -25"><span class='ocrx_word' id='word_1_72' title='bbox 280 1555 425 1642; x_wconf 83' lang='lat' dir='ltr'><strong>gymnica</strong></span> <span class='ocrx_word' id='word_1_73' title='bbox 447 1555 546 1623; x_wconf 86' lang='lat' dir='ltr'><strong>etiam</strong></span> <span class='ocrx_word' id='word_1_74' title='bbox 568 1577 732 1624; x_wconf 89' lang='lat' dir='ltr'><strong>armorum</strong></span> <span class='ocrx_word' id='word_1_75' title='bbox 762 1553 957 1645; x_wconf 74' lang='grc' dir='ltr'>(ἄιιοδείξεις</span> <span class='ocrx_word' id='word_1_76' title='bbox 988 1554 1024 1618; x_wconf 71' lang='grc' dir='ltr'><strong>ἐν</strong></span> <span class='ocrx_word' id='word_1_77' title='bbox 1046 1551 1158 1628; x_wconf 78' lang='grc' dir='ltr'>ὅπλοις</span> <span class='ocrx_word' id='word_1_78' title='bbox 1184 1577 1213 1620; x_wconf 83' lang='grc' dir='ltr'><strong>ι.</strong></span> <span class='ocrx_word' id='word_1_79' title='bbox 1242 1556 1355 1641; x_wconf 86' lang='lat' dir='ltr'><strong>supra)</strong></span> <span class='ocrx_word' id='word_1_80' title='bbox 1389 1561 1427 1620; x_wconf 88' lang='lat' dir='ltr'><strong>et</strong></span> 
     </span>
     <span class='ocr_line' id='line_1_13' title="bbox 280 1645 1424 1748; baseline -0.001 -23"><span class='ocrx_word' id='word_1_81' title='bbox 280 1660 408 1725; x_wconf 85' lang='lat' dir='ltr'><strong>narium</strong></span> <span class='ocrx_word' id='word_1_82' title='bbox 439 1659 536 1748; x_wconf 78' lang='grc' dir='ltr'>(νεῶν</span> <span class='ocrx_word' id='word_1_83' title='bbox 557 1645 691 1744; x_wconf 66' lang='lat' dir='ltr'><strong>duellet</strong></span> <span class='ocrx_word' id='word_1_84' title='bbox 706 1661 762 1746; x_wconf 17' lang='lat' dir='ltr'><strong>&#39;vel</strong></span> <span class='ocrx_word' id='word_1_85' title='bbox 784 1658 986 1746; x_wconf 73' lang='grc' dir='ltr'>ναυμαχίαι).</span> <span class='ocrx_word' id='word_1_86' title='bbox 1029 1658 1178 1742; x_wconf 83' lang='lat' dir='ltr'><strong>Inprimis</strong></span> <span class='ocrx_word' id='word_1_87' title='bbox 1205 1679 1281 1724; x_wconf 81' lang='lat' dir='ltr'><strong>vero</strong></span> <span class='ocrx_word' id='word_1_88' title='bbox 1303 1680 1424 1724; x_wconf 89' lang='lat' dir='ltr'><strong>memo-</strong></span> 
     </span>
     <span class='ocr_line' id='line_1_14' title="bbox 279 1762 1423 1850; baseline 0.001 -21"><span class='ocrx_word' id='word_1_89' title='bbox 279 1763 381 1848; x_wconf 81' lang='lat' dir='ltr'><strong>rabile</strong></span> <span class='ocrx_word' id='word_1_90' title='bbox 404 1768 473 1846; x_wconf 83' lang='lat' dir='ltr'><strong>est,</strong></span> <span class='ocrx_word' id='word_1_91' title='bbox 497 1765 585 1850; x_wconf 89' lang='lat' dir='ltr'><strong>quod</strong></span> <span class='ocrx_word' id='word_1_92' title='bbox 605 1765 786 1850; x_wconf 82' lang='lat' dir='ltr'><strong>lampades·</strong></span> <span class='ocrx_word' id='word_1_93' title='bbox 801 1762 998 1848; x_wconf 83' lang='lat' dir='ltr'><strong>epheborum</strong></span> <span class='ocrx_word' id='word_1_94' title='bbox 1024 1768 1153 1848; x_wconf 88' lang='lat' dir='ltr'><strong>praeter</strong></span> <span class='ocrx_word' id='word_1_95' title='bbox 1180 1764 1423 1846; x_wconf 81' lang='lat' dir='ltr'><strong>Panathenaea,</strong></span> 
     </span>
     <span class='ocr_line' id='line_1_15' title="bbox 278 1865 1424 1952; baseline -0.002 -18"><span class='ocrx_word' id='word_1_96' title='bbox 278 1868 485 1949; x_wconf 90' lang='lat' dir='ltr'><strong>Promethea,</strong></span> <span class='ocrx_word' id='word_1_97' title='bbox 508 1868 707 1952; x_wconf 80' lang='lat' dir='ltr'><strong>Hephaestio</strong></span> <span class='ocrx_word' id='word_1_98' title='bbox 730 1874 763 1933; x_wconf 91' lang='lat' dir='ltr'><strong>et</strong></span> <span class='ocrx_word' id='word_1_99' title='bbox 784 1865 967 1948; x_wconf 85' lang='lat' dir='ltr'><strong>Bendidea‚</strong></span> <span class='ocrx_word' id='word_1_100' title='bbox 991 1887 1128 1950; x_wconf 88' lang='lat' dir='ltr'><strong>quorum</strong></span> <span class='ocrx_word' id='word_1_101' title='bbox 1150 1888 1316 1934; x_wconf 76' lang='lat' dir='ltr'><strong>sacrorum</strong></span> <span class='ocrx_word' id='word_1_102' title='bbox 1338 1869 1424 1932; x_wconf 89' lang='lat' dir='ltr'><strong>anti·</strong></span> 
     </span>
     <span class='ocr_line' id='line_1_16' title="bbox 281 1969 1424 2056; baseline 0.001 -20"><span class='ocrx_word' id='word_1_103' title='bbox 281 1992 344 2055; x_wconf 89' lang='lat' dir='ltr'><strong>quo</strong></span> <span class='ocrx_word' id='word_1_104' title='bbox 366 1978 512 2056; x_wconf 89' lang='lat' dir='ltr'><strong>tempore</strong></span> <span class='ocrx_word' id='word_1_105' title='bbox 541 1973 708 2056; x_wconf 90' lang='lat' dir='ltr'><strong>proprium</strong></span> <span class='ocrx_word' id='word_1_106' title='bbox 739 1971 837 2038; x_wconf 83' lang='lat' dir='ltr'><strong>hrisse</strong></span> <span class='ocrx_word' id='word_1_107' title='bbox 867 1969 929 2036; x_wconf 91' lang='lat' dir='ltr'><strong>hoe</strong></span> <span class='ocrx_word' id='word_1_108' title='bbox 958 1970 1141 2038; x_wconf 81' lang='lat' dir='ltr'><strong>certaminis</strong></span> <span class='ocrx_word' id='word_1_109' title='bbox 1170 1991 1269 2054; x_wconf 87' lang='lat' dir='ltr'><strong>genus</strong></span> <span class='ocrx_word' id='word_1_110' title='bbox 1292 1971 1424 2040; x_wconf 90' lang='lat' dir='ltr'><strong>demon-</strong></span> 
     </span>
     <span class='ocr_line' id='line_1_17' title="bbox 280 2072 1424 2162; baseline 0 -22"><span class='ocrx_word' id='word_1_111' title='bbox 280 2074 396 2140; x_wconf 88' lang='lat' dir='ltr'><strong>stravit</strong></span> <span class='ocrx_word' id='word_1_112' title='bbox 417 2073 597 2142; x_wconf 84' lang='lat' dir='ltr'><strong>Boeckhius</strong></span> <span class='ocrx_word' id='word_1_113' title='bbox 620 2076 659 2142; x_wconf 91' lang='lat' dir='ltr'><strong>de</strong></span> <span class='ocrx_word' id='word_1_114' title='bbox 679 2096 745 2140; x_wconf 89' lang='lat' dir='ltr'><strong>oec.</strong></span> <span class='ocrx_word' id='word_1_115' title='bbox 767 2072 855 2158; x_wconf 85' lang='lat' dir='ltr'><strong>publ.</strong></span> <span class='ocrx_word' id='word_1_116' title='bbox 878 2074 946 2162; x_wconf 90' lang='lat' dir='ltr'><strong>lp.</strong></span> <span class='ocrx_word' id='word_1_117' title='bbox 970 2078 1043 2155; x_wconf 87' lang='grc'>613,</span> <span class='ocrx_word' id='word_1_118' title='bbox 1075 2073 1179 2140; x_wconf 87' lang='lat' dir='ltr'><strong>altero</strong></span> <span class='ocrx_word' id='word_1_119' title='bbox 1201 2096 1231 2139; x_wconf 87' lang='lat' dir='ltr'><strong>a.</strong></span> <span class='ocrx_word' id='word_1_120' title='bbox 1256 2074 1331 2140; x_wconf 84' lang='lat' dir='ltr'><strong>Chr.</strong></span> <span class='ocrx_word' id='word_1_121' title='bbox 1353 2097 1424 2142; x_wconf 87' lang='lat' dir='ltr'><strong>sae·</strong></span> 
     </span>
     <span class='ocr_line' id='line_1_18' title="bbox 279 2177 1423 2264; baseline 0.003 -22"><span class='ocrx_word' id='word_1_122' title='bbox 279 2177 350 2243; x_wconf 91' lang='lat' dir='ltr'><strong>culo</strong></span> <span class='ocrx_word' id='word_1_123' title='bbox 374 2179 470 2246; x_wconf 89' lang='lat' dir='ltr'><strong>etiam</strong></span> <span class='ocrx_word' id='word_1_124' title='bbox 492 2181 526 2244; x_wconf 90' lang='lat' dir='ltr'><strong>in</strong></span> <span class='ocrx_word' id='word_1_125' title='bbox 549 2179 760 2264; x_wconf 87' lang='lat' dir='ltr'><strong>Theseorum‚</strong></span> <span class='ocrx_word' id='word_1_126' title='bbox 791 2177 1051 2264; x_wconf 85' lang='lat' dir='ltr'><strong>Epitaphiorum,</strong></span> <span class='ocrx_word' id='word_1_127' title='bbox 1086 2178 1301 2247; x_wconf 79' lang='lat' dir='ltr'><strong>Aeanteorum</strong></span> <span class='ocrx_word' id='word_1_128' title='bbox 1323 2179 1423 2264; x_wconf 88' lang='lat' dir='ltr'><strong>ludis,</strong></span> 
     </span>
     <span class='ocr_line' id='line_1_19' title="bbox 279 2273 1423 2367; baseline 0.005 -21"><span class='ocrx_word' id='word_1_129' title='bbox 279 2273 516 2367; x_wconf 81' lang='lat' dir='ltr'><strong>imperatorum</strong></span> <span class='ocrx_word' id='word_1_130' title='bbox 542 2305 618 2350; x_wconf 82' lang='lat' dir='ltr'><strong>vero</strong></span> <span class='ocrx_word' id='word_1_131' title='bbox 640 2283 857 2350; x_wconf 88' lang='lat' dir='ltr'><strong>Romanorum</strong></span> <span class='ocrx_word' id='word_1_132' title='bbox 886 2288 994 2348; x_wconf 88' lang='lat' dir='ltr'><strong>aetate</strong></span> <span class='ocrx_word' id='word_1_133' title='bbox 1026 2283 1124 2349; x_wconf 88' lang='lat' dir='ltr'><strong>etiam</strong></span> <span class='ocrx_word' id='word_1_134' title='bbox 1144 2283 1179 2349; x_wconf 92' lang='lat' dir='ltr'><strong>in</strong></span> <span class='ocrx_word' id='word_1_135' title='bbox 1202 2282 1423 2352; x_wconf 86' lang='lat' dir='ltr'><strong>Germaniceis</strong></span> 
     </span>
     <span class='ocr_line' id='line_1_20' title="bbox 279 2384 1424 2474; baseline 0.003 -22"><span class='ocrx_word' id='word_1_136' title='bbox 279 2384 384 2454; x_wconf 87' lang='lat' dir='ltr'><strong>fectae</strong></span> <span class='ocrx_word' id='word_1_137' title='bbox 406 2394 481 2454; x_wconf 91' lang='lat' dir='ltr'><strong>sunt</strong></span> <span class='ocrx_word' id='word_1_138' title='bbox 496 2389 535 2474; x_wconf 68' lang='grc' dir='ltr'><strong>ὅ).</strong></span> <span class='ocrx_word' id='word_1_139' title='bbox 579 2389 688 2456; x_wconf 85' lang='lat' dir='ltr'><strong>Etiam</strong></span> <span class='ocrx_word' id='word_1_140' title='bbox 708 2387 743 2453; x_wconf 89' lang='lat' dir='ltr'><strong>id</strong></span> <span class='ocrx_word' id='word_1_141' title='bbox 764 2387 828 2454; x_wconf 89' lang='lat' dir='ltr'><strong>illis</strong></span> <span class='ocrx_word' id='word_1_142' title='bbox 851 2387 955 2454; x_wconf 86' lang='lat' dir='ltr'><strong>titulis</strong></span> <span class='ocrx_word' id='word_1_143' title='bbox 979 2387 1226 2472; x_wconf 85' lang='lat' dir='ltr'><strong>comprobetur,</strong></span> <span class='ocrx_word' id='word_1_144' title='bbox 1253 2388 1424 2474; x_wconf 87' lang='lat' dir='ltr'><strong>lampadas</strong></span> 
     </span>
     <span class='ocr_line' id='line_1_21' title="bbox 280 2479 1424 2578; baseline 0.003 -20"><span class='ocrx_word' id='word_1_145' title='bbox 280 2483 344 2562; x_wconf 83' lang='lat' dir='ltr'><strong>non</strong></span> <span class='ocrx_word' id='word_1_146' title='bbox 366 2479 563 2576; x_wconf 85' lang='lat' dir='ltr'><strong>epheborum</strong></span> <span class='ocrx_word' id='word_1_147' title='bbox 585 2493 733 2578; x_wconf 89' lang='lat' dir='ltr'><strong>proprias</strong></span> <span class='ocrx_word' id='word_1_148' title='bbox 754 2491 854 2558; x_wconf 84' lang='lat' dir='ltr'><strong>fuisse</strong></span> <span class='ocrx_word' id='word_1_149' title='bbox 877 2491 992 2578; x_wconf 86' lang='lat' dir='ltr'><strong>(Meier</strong></span> <span class='ocrx_word' id='word_1_150' title='bbox 1013 2491 1097 2578; x_wconf 83' lang='lat' dir='ltr'><strong>Allg.</strong></span> <span class='ocrx_word' id='word_1_151' title='bbox 1119 2491 1251 2576; x_wconf 87' lang='lat' dir='ltr'><strong>Encykl.</strong></span> <span class='ocrx_word' id='word_1_152' title='bbox 1275 2493 1345 2559; x_wconf 83' lang='lat' dir='ltr'><strong>Art.</strong></span> <span class='ocrx_word' id='word_1_153' title='bbox 1360 2494 1424 2561; x_wconf 89' lang='lat' dir='ltr'><strong>Pa·</strong></span> 
     </span>
     <span class='ocr_line' id='line_1_22' title="bbox 279 2596 1423 2684; baseline 0.001 -20"><span class='ocrx_word' id='word_1_154' title='bbox 279 2597 480 2669; x_wconf 88' lang='lat' dir='ltr'><strong>nathenaeen</strong></span> <span class='ocrx_word' id='word_1_155' title='bbox 501 2621 532 2683; x_wconf 95' lang='lat' dir='ltr'><strong>p.</strong></span> <span class='ocrx_word' id='word_1_156' title='bbox 557 2600 634 2684; x_wconf 79' lang='lat'>284)</span> <span class='ocrx_word' id='word_1_157' title='bbox 653 2598 709 2665; x_wconf 87' lang='lat' dir='ltr'><strong>sed</strong></span> <span class='ocrx_word' id='word_1_158' title='bbox 731 2597 830 2664; x_wconf 88' lang='lat' dir='ltr'><strong>etiam</strong></span> <span class='ocrx_word' id='word_1_159' title='bbox 852 2596 894 2663; x_wconf 90' lang='lat' dir='ltr'><strong>ab</strong></span> <span class='ocrx_word' id='word_1_160' title='bbox 916 2596 1052 2662; x_wconf 86' lang='lat' dir='ltr'><strong>alierum</strong></span> <span class='ocrx_word' id='word_1_161' title='bbox 1074 2603 1219 2664; x_wconf 87' lang='lat' dir='ltr'><strong>aetatum</strong></span> <span class='ocrx_word' id='word_1_162' title='bbox 1240 2597 1423 2666; x_wconf 87' lang='lat' dir='ltr'><strong>hominibus</strong></span> 
     </span>
     <span class='ocr_line' id='line_1_23' title="bbox 279 2699 1423 2792; baseline -0.005 -22"><span class='ocrx_word' id='word_1_163' title='bbox 279 2705 434 2770; x_wconf 74' lang='lat' dir='ltr'><strong>exerceas</strong></span> <span class='ocrx_word' id='word_1_164' title='bbox 458 2724 529 2776; x_wconf 80' lang='lat' dir='ltr'><strong>esse</strong></span> <span class='ocrx_word' id='word_1_165' title='bbox 562 2702 652 2789; x_wconf 62' lang='lat' dir='ltr'><strong>(wat</strong></span> <span class='ocrx_word' id='word_1_166' title='bbox 674 2708 706 2765; x_wconf 87' lang='grc' dir='ltr'><em>Β</em></span> <span class='ocrx_word' id='word_1_167' title='bbox 736 2724 769 2786; x_wconf 92' lang='lat' dir='ltr'><strong>p.</strong></span> <span class='ocrx_word' id='word_1_168' title='bbox 795 2705 905 2780; x_wconf 71' lang='grc'><strong>1366.</strong></span> <span class='ocrx_word' id='word_1_169' title='bbox 930 2705 972 2766; x_wconf 87' lang='grc'><strong>60</strong></span> <span class='ocrx_word' id='word_1_170' title='bbox 996 2703 1067 2792; x_wconf 58' lang='grc' dir='ltr'><strong>»τῇ</strong></span> <span class='ocrx_word' id='word_1_171' title='bbox 1087 2699 1237 2785; x_wconf 71' lang='grc' dir='ltr'>λαμπάδι</span> <span class='ocrx_word' id='word_1_172' title='bbox 1258 2705 1322 2766; x_wconf 77' lang='grc' dir='ltr'><strong>τῶν</strong></span> <span class='ocrx_word' id='word_1_173' title='bbox 1342 2706 1423 2766; x_wconf 45' lang='grc' dir='ltr'><strong>παῖ,</strong></span> 
     </span>
     <span class='ocr_line' id='line_1_24' title="bbox 280 2805 793 2891; baseline -0.004 -20"><span class='ocrx_word' id='word_1_174' title='bbox 280 2805 387 2886; x_wconf 51' lang='lat' dir='ltr'><strong>town·</strong></span> <span class='ocrx_word' id='word_1_175' title='bbox 408 2811 439 2872; x_wconf 90' lang='grc' dir='ltr'><em>Γ</em></span> <span class='ocrx_word' id='word_1_176' title='bbox 455 2829 487 2891; x_wconf 91' lang='lat' dir='ltr'><strong>p.</strong></span> <span class='ocrx_word' id='word_1_177' title='bbox 515 2813 576 2874; x_wconf 86' lang='grc'><strong>154</strong></span> <span class='ocrx_word' id='word_1_178' title='bbox 597 2831 626 2873; x_wconf 87' lang='grc' dir='ltr'><strong>ι.</strong></span> <span class='ocrx_word' id='word_1_179' title='bbox 650 2811 703 2872; x_wconf 90' lang='grc'><strong>61.</strong></span> <span class='ocrx_word' id='word_1_180' title='bbox 727 2807 793 2891; x_wconf 87' lang='grc'><strong>67).</strong></span> 
     </span>
    </p>

    <p class='ocr_par' dir='ltr' id='par_1_5' title="bbox 280 2904 1525 3212">
     <span class='ocr_line' id='line_1_25' title="bbox 365 2912 1423 3001; baseline -0.003 -19"><span class='ocrx_word' id='word_1_181' title='bbox 365 2916 425 2982; x_wconf 87' lang='lat' dir='ltr'><strong>His</strong></span> <span class='ocrx_word' id='word_1_182' title='bbox 445 2917 631 3001; x_wconf 84' lang='lat' dir='ltr'><strong>praemissis</strong></span> <span class='ocrx_word' id='word_1_183' title='bbox 653 2917 719 2982; x_wconf 86' lang='lat' dir='ltr'><strong>iam</strong></span> <span class='ocrx_word' id='word_1_184' title='bbox 740 2935 929 2998; x_wconf 91' lang='lat' dir='ltr'><strong>componam</strong></span> <span class='ocrx_word' id='word_1_185' title='bbox 950 2912 1003 2978; x_wconf 90' lang='lat' dir='ltr'><strong>hic</strong></span> <span class='ocrx_word' id='word_1_186' title='bbox 1025 2913 1151 2994; x_wconf 89' lang='lat' dir='ltr'><strong>omnia,</strong></span> <span class='ocrx_word' id='word_1_187' title='bbox 1179 2932 1262 2998; x_wconf 86' lang='lat' dir='ltr'><strong>qnae</strong></span> <span class='ocrx_word' id='word_1_188' title='bbox 1293 2912 1333 2979; x_wconf 90' lang='lat' dir='ltr'><strong>de</strong></span> <span class='ocrx_word' id='word_1_189' title='bbox 1356 2916 1423 2979; x_wconf 87' lang='lat' dir='ltr'><strong>sin·</strong></span> 
     </span>
     <span class='ocr_line' id='line_1_26' title="bbox 280 3008 1422 3106; baseline -0.002 -20"><span class='ocrx_word' id='word_1_190' title='bbox 280 3019 362 3106; x_wconf 81' lang='lat' dir='ltr'><strong>gulis</strong></span> <span class='ocrx_word' id='word_1_191' title='bbox 385 3008 484 3088; x_wconf 85' lang='lat' dir='ltr'><strong>sacris</strong></span> <span class='ocrx_word' id='word_1_192' title='bbox 505 3022 540 3086; x_wconf 92' lang='lat' dir='ltr'><strong>in</strong></span> <span class='ocrx_word' id='word_1_193' title='bbox 560 3020 675 3102; x_wconf 87' lang='lat' dir='ltr'><strong>titulis,</strong></span> <span class='ocrx_word' id='word_1_194' title='bbox 699 3019 815 3103; x_wconf 88' lang='lat' dir='ltr'><strong>quibus</strong></span> <span class='ocrx_word' id='word_1_195' title='bbox 837 3019 877 3088; x_wconf 86' lang='lat' dir='ltr'><strong>de</strong></span> <span class='ocrx_word' id='word_1_196' title='bbox 900 3018 1096 3102; x_wconf 88' lang='lat' dir='ltr'><strong>epheborum</strong></span> <span class='ocrx_word' id='word_1_197' title='bbox 1114 3018 1211 3085; x_wconf 90' lang='lat' dir='ltr'><strong>rebus</strong></span> <span class='ocrx_word' id='word_1_198' title='bbox 1233 3019 1351 3104; x_wconf 82' lang='lat' dir='ltr'><strong>agitur,</strong></span> <span class='ocrx_word' id='word_1_199' title='bbox 1372 3020 1422 3084; x_wconf 94' lang='lat' dir='ltr'><strong>in·</strong></span> 
     </span>
     <span class='ocr_line' id='line_1_27' title="bbox 280 3121 1283 3212; baseline -0.001 -23"><span class='ocrx_word' id='word_1_200' title='bbox 280 3125 460 3206; x_wconf 84' lang='lat' dir='ltr'><strong>veniuntur,</strong></span> <span class='ocrx_word' id='word_1_201' title='bbox 482 3130 516 3190; x_wconf 88' lang='lat' dir='ltr'><strong>et</strong></span> <span class='ocrx_word' id='word_1_202' title='bbox 537 3130 693 3212; x_wconf 89' lang='lat' dir='ltr'><strong>quantum</strong></span> <span class='ocrx_word' id='word_1_203' title='bbox 713 3124 785 3190; x_wconf 87' lang='lat' dir='ltr'><strong>fieri</strong></span> <span class='ocrx_word' id='word_1_204' title='bbox 806 3123 927 3208; x_wconf 90' lang='lat' dir='ltr'><strong>poterit</strong></span> <span class='ocrx_word' id='word_1_205' title='bbox 912 3123 1113 3190; x_wconf 88' lang='lat' dir='ltr'><strong>tillustrare</strong></span> <span class='ocrx_word' id='word_1_206' title='bbox 1133 3121 1283 3190; x_wconf 87' lang='lat' dir='ltr'><strong>conabor.</strong></span> 
     </span>
    </p>
   </div>
   <div class='ocr_carea' id='block_1_3' title="bbox 366 3226 1525 3342">
    <p class='ocr_par' dir='ltr' id='par_1_6' title="bbox 366 3226 1525 3342">
     <span class='ocr_line' id='line_1_28' title="bbox 366 3226 1525 3342; baseline -0.004 -44"><span class='ocrx_word' id='word_1_207' title='bbox 366 3229 405 3297; x_wconf 84' lang='lat' dir='ltr'><strong>A.</strong></span> <span class='ocrx_word' id='word_1_208' title='bbox 449 3229 487 3298; x_wconf 91' lang='lat' dir='ltr'><strong>Iu</strong></span> <span class='ocrx_word' id='word_1_209' title='bbox 517 3228 694 3314; x_wconf 84' lang='lat' dir='ltr'><strong>plebiscitis</strong></span> <span class='ocrx_word' id='word_1_210' title='bbox 728 3228 860 3297; x_wconf 86' lang='lat' dir='ltr'><strong>alterius</strong></span> <span class='ocrx_word' id='word_1_211' title='bbox 896 3247 925 3294; x_wconf 92' lang='grc'><strong>6.</strong></span> <span class='ocrx_word' id='word_1_212' title='bbox 958 3226 1016 3292; x_wconf 84' lang='lat' dir='ltr'><strong>Oh.</strong></span> <span class='ocrx_word' id='word_1_213' title='bbox 1047 3227 1167 3296; x_wconf 88' lang='lat' dir='ltr'><strong>saeculi</strong></span> <span class='ocrx_word' id='word_1_214' title='bbox 1200 3227 1280 3342; x_wconf 86' lang='lat' dir='ltr'><strong>haee</strong></span> <span class='ocrx_word' id='word_1_215' title='bbox 1311 3249 1422 3295; x_wconf 88' lang='lat' dir='ltr'><strong>recen·</strong></span> <span class='ocrx_word' id='word_1_216' title='bbox 1524 3243 1525 3254; x_wconf 59' lang='lat'>¹</span> 
     </span>
    </p>
   </div>
   <div class='ocr_carea' id='block_1_4' title="bbox 281 3334 1424 3834">
    <p class='ocr_par' dir='ltr' id='par_1_7' title="bbox 281 3334 444 3418">
     <span class='ocr_line' id='line_1_29' title="bbox 281 3334 444 3418; baseline -0.039 -16"><span class='ocrx_word' id='word_1_217' title='bbox 281 3337 393 3402; x_wconf 83' lang='lat' dir='ltr'><strong>santur</strong></span> <span class='ocrx_word' id='word_1_218' title='bbox 405 3334 444 3418; x_wconf 84' lang='lat'><strong>⁴)</strong></span> 
     </span>
    </p>

    <p class='ocr_par' dir='ltr' id='par_1_8' title="bbox 281 3434 1424 3834">
     <span class='ocr_line' id='line_1_30' title="bbox 371 3434 1422 3518; baseline 0 -18"><span class='ocrx_word' id='word_1_219' title='bbox 371 3442 398 3500; x_wconf 91' lang='lat'><strong>1.</strong></span> <span class='ocrx_word' id='word_1_220' title='bbox 444 3434 594 3502; x_wconf 91' lang='lat' dir='ltr'><strong>Omnium</strong></span> <span class='ocrx_word' id='word_1_221' title='bbox 615 3435 783 3504; x_wconf 89' lang='lat' dir='ltr'><strong>titulorum</strong></span> <span class='ocrx_word' id='word_1_222' title='bbox 798 3436 891 3505; x_wconf 89' lang='lat' dir='ltr'><strong>initio</strong></span> <span class='ocrx_word' id='word_1_223' title='bbox 914 3438 1182 3502; x_wconf 85' lang='lat' dir='ltr'><strong>commemoratur</strong></span> <span class='ocrx_word' id='word_1_224' title='bbox 1193 3454 1312 3518; x_wconf 89' lang='lat' dir='ltr'><strong>pompa</strong></span> <span class='ocrx_word' id='word_1_225' title='bbox 1324 3455 1422 3518; x_wconf 87' lang='lat' dir='ltr'><strong>quam</strong></span> 
     </span>
     <span class='ocr_line' id='line_1_31' title="bbox 281 3539 1423 3634; baseline -0.001 -27"><span class='ocrx_word' id='word_1_226' title='bbox 281 3540 395 3634; x_wconf 75' lang='lat' dir='ltr'><strong>ephebi</strong></span> <span class='ocrx_word' id='word_1_227' title='bbox 424 3540 574 3609; x_wconf 81' lang='lat' dir='ltr'><strong>duxerint</strong></span> <span class='ocrx_word' id='word_1_228' title='bbox 600 3541 733 3608; x_wconf 77' lang='lat' dir='ltr'><strong>Dianae</strong></span> <span class='ocrx_word' id='word_1_229' title='bbox 754 3541 954 3624; x_wconf 81' lang='lat' dir='ltr'><strong>Aproteree;</strong></span> <span class='ocrx_word' id='word_1_230' title='bbox 982 3561 1064 3624; x_wconf 87' lang='lat' dir='ltr'><strong>quae</strong></span> <span class='ocrx_word' id='word_1_231' title='bbox 1093 3539 1193 3606; x_wconf 87' lang='lat' dir='ltr'><strong>fiebat</strong></span> <span class='ocrx_word' id='word_1_232' title='bbox 1223 3545 1314 3609; x_wconf 86' lang='lat' dir='ltr'><strong>sexto</strong></span> <span class='ocrx_word' id='word_1_233' title='bbox 1340 3539 1423 3606; x_wconf 81' lang='grc'><strong>666·</strong></span> 
     </span>
     <span class='ocr_line' id='line_1_32' title="bbox 282 3617 1421 3730; baseline -0.002 -20"><span class='ocrx_word' id='word_1_234' title='bbox 282 3645 457 3712; x_wconf 89' lang='lat' dir='ltr'><strong>dromionis</strong></span> <span class='ocrx_word' id='word_1_235' title='bbox 480 3645 572 3711; x_wconf 90' lang='lat' dir='ltr'><strong>die</strong></span> <span class='ocrx_word' id='word_1_236' title='bbox 563 3667 597 3710; x_wconf 89' lang='lat'><strong>111</strong></span> <span class='ocrx_word' id='word_1_237' title='bbox 618 3645 805 3710; x_wconf 88' lang='lat' dir='ltr'><strong>memoriam</strong></span> <span class='ocrx_word' id='word_1_238' title='bbox 839 3665 966 3730; x_wconf 87' lang='lat' dir='ltr'><strong>pugnae</strong></span> <span class='ocrx_word' id='word_1_239' title='bbox 987 3643 1209 3710; x_wconf 87' lang='lat' dir='ltr'><strong>Marathoniae</strong></span> <span class='ocrx_word' id='word_1_240' title='bbox 1231 3617 1421 3728; x_wconf 69' lang='lat' dir='ltr'><strong>(Humani,</strong></span> 
     </span>
     <span class='ocr_line' id='line_1_33' title="bbox 281 3747 1424 3834; baseline -0.002 -19"><span class='ocrx_word' id='word_1_241' title='bbox 281 3750 419 3834; x_wconf 86' lang='lat' dir='ltr'><strong>gottesd.</strong></span> <span class='ocrx_word' id='word_1_242' title='bbox 449 3748 588 3814; x_wconf 86' lang='lat' dir='ltr'><strong>Alterth.</strong></span> <span class='ocrx_word' id='word_1_243' title='bbox 615 3750 642 3832; x_wconf 78' lang='lat'><strong>§.</strong></span> <span class='ocrx_word' id='word_1_244' title='bbox 668 3751 728 3828; x_wconf 86' lang='lat'><strong>56,</strong></span> <span class='ocrx_word' id='word_1_245' title='bbox 760 3753 803 3829; x_wconf 84' lang='lat'><strong>5).</strong></span> <span class='ocrx_word' id='word_1_246' title='bbox 854 3748 892 3812; x_wconf 95' lang='lat' dir='ltr'><strong>In</strong></span> <span class='ocrx_word' id='word_1_247' title='bbox 923 3748 1132 3831; x_wconf 86' lang='lat' dir='ltr'><strong>inscriptione</strong></span> <span class='ocrx_word' id='word_1_248' title='bbox 1163 3748 1268 3831; x_wconf 89' lang='lat' dir='ltr'><strong>prima</strong></span> <span class='ocrx_word' id='word_1_249' title='bbox 1289 3747 1424 3814; x_wconf 87' lang='lat' dir='ltr'><strong>additur</strong></span> 
     </span>
    </p>
   </div>
   <div class='ocr_carea' id='block_1_5' title="bbox 282 3879 489 3897">
    <p class='ocr_par' dir='ltr' id='par_1_9' title="bbox 282 3879 489 3897">
     <span class='ocr_line' id='line_1_34' title="bbox 282 3879 489 3897; baseline -0.01 -7"><span class='ocrx_word' id='word_1_250' title='bbox 282 3879 489 3897; x_wconf 53' lang='lat' dir='ltr'><strong>q-aq-——n-u</strong></span> 
     </span>
    </p>
   </div>
   <div class='ocr_carea' id='block_1_6' title="bbox 280 3913 1423 4541">
    <p class='ocr_par' dir='ltr' id='par_1_10' title="bbox 280 3913 1423 4541">
     <span class='ocr_line' id='line_1_35' title="bbox 353 3913 1423 4024; baseline 0.005 -16"><span class='ocrx_word' id='word_1_251' title='bbox 353 3954 380 4022; x_wconf 75' lang='lat'><strong>3)</strong></span> <span class='ocrx_word' id='word_1_252' title='bbox 398 3955 440 4008; x_wconf 91' lang='lat' dir='ltr'><strong>De</strong></span> <span class='ocrx_word' id='word_1_253' title='bbox 465 3953 698 4007; x_wconf 83' lang='lat' dir='ltr'><strong>Anthesteriorum</strong></span> <span class='ocrx_word' id='word_1_254' title='bbox 716 3913 843 4023; x_wconf 80' lang='lat' dir='ltr'><strong>lampade</strong></span> <span class='ocrx_word' id='word_1_255' title='bbox 868 3969 911 4008; x_wconf 83' lang='lat' dir='ltr'><strong>ree</strong></span> <span class='ocrx_word' id='word_1_256' title='bbox 935 3952 1082 4008; x_wconf 79' lang='lat' dir='ltr'><strong>admodum</strong></span> <span class='ocrx_word' id='word_1_257' title='bbox 1108 3952 1213 4022; x_wconf 74' lang='lat' dir='ltr'><strong>ineerta</strong></span> <span class='ocrx_word' id='word_1_258' title='bbox 1237 3958 1279 4010; x_wconf 85' lang='lat' dir='ltr'><strong>est</strong></span> <span class='ocrx_word' id='word_1_259' title='bbox 1296 3953 1423 4024; x_wconf 71' lang='lat' dir='ltr'><strong>‹leapll</strong></span> 
     </span>
     <span class='ocr_line' id='line_1_36' title="bbox 300 4044 530 4097; baseline -0.004 0"><span class='ocrx_word' id='word_1_260' title='bbox 300 4083 306 4097; x_wconf 93' lang='lat'><strong>.</strong></span> <span class='ocrx_word' id='word_1_261' title='bbox 358 4047 416 4097; x_wconf 92' lang='lat' dir='ltr'><strong>not.</strong></span> <span class='ocrx_word' id='word_1_262' title='bbox 433 4044 459 4096; x_wconf 84' lang='grc'><strong>4.</strong></span> <span class='ocrx_word' id='word_1_263' title='bbox 529 4071 530 4080; x_wconf 70' lang='lat'><strong>.</strong></span> 
     </span>
     <span class='ocr_line' id='line_1_37' title="bbox 280 4044 1423 4202; baseline 0 -14"><span class='ocrx_word' id='word_1_264' title='bbox 280 4044 297 4114; x_wconf 51' lang='lat' dir='ltr'><strong>l</strong></span> <span class='ocrx_word' id='word_1_265' title='bbox 324 4046 383 4202; x_wconf 75' lang='grc'><strong>44)</strong></span> <span class='ocrx_word' id='word_1_266' title='bbox 401 4044 474 4186; x_wconf 83' lang='lat' dir='ltr'><strong>Ordd</strong></span> <span class='ocrx_word' id='word_1_267' title='bbox 500 4132 669 4202; x_wconf 79' lang='lat' dir='ltr'><strong>siugnlorum</strong></span> <span class='ocrx_word' id='word_1_268' title='bbox 694 4149 832 4188; x_wconf 77' lang='lat' dir='ltr'><strong>sacrorum</strong></span> <span class='ocrx_word' id='word_1_269' title='bbox 855 4132 885 4186; x_wconf 89' lang='lat' dir='ltr'><strong>in</strong></span> <span class='ocrx_word' id='word_1_270' title='bbox 909 4133 1034 4188; x_wconf 85' lang='lat' dir='ltr'><strong>omnibns</strong></span> <span class='ocrx_word' id='word_1_271' title='bbox 1058 4131 1100 4188; x_wconf 86' lang='lat' dir='ltr'><strong>hia</strong></span> <span class='ocrx_word' id='word_1_272' title='bbox 1123 4131 1343 4200; x_wconf 82' lang='lat' dir='ltr'><strong>inscriptionibus</strong></span> <span class='ocrx_word' id='word_1_273' title='bbox 1366 4132 1423 4188; x_wconf 87' lang='lat' dir='ltr'><strong>lere</strong></span> 
     </span>
     <span class='ocr_line' id='line_1_38' title="bbox 282 4219 1422 4290; baseline 0 -16"><span class='ocrx_word' id='word_1_274' title='bbox 282 4221 357 4274; x_wconf 90' lang='lat' dir='ltr'><strong>idem</strong></span> <span class='ocrx_word' id='word_1_275' title='bbox 381 4225 437 4287; x_wconf 81' lang='lat' dir='ltr'><strong>est3</strong></span> <span class='ocrx_word' id='word_1_276' title='bbox 466 4224 559 4274; x_wconf 85' lang='lat' dir='ltr'><strong>tamon</strong></span> <span class='ocrx_word' id='word_1_277' title='bbox 581 4238 637 4276; x_wconf 85' lang='lat' dir='ltr'><strong>non</strong></span> <span class='ocrx_word' id='word_1_278' title='bbox 660 4220 768 4276; x_wconf 83' lang='lat' dir='ltr'><strong>ridetur</strong></span> <span class='ocrx_word' id='word_1_279' title='bbox 797 4225 874 4276; x_wconf 85' lang='lat' dir='ltr'><strong>certa</strong></span> <span class='ocrx_word' id='word_1_280' title='bbox 899 4219 1017 4290; x_wconf 82' lang='lat' dir='ltr'><strong>quadam</strong></span> <span class='ocrx_word' id='word_1_281' title='bbox 1039 4221 1144 4276; x_wconf 81' lang='lat' dir='ltr'><strong>ratione</strong></span> <span class='ocrx_word' id='word_1_282' title='bbox 1168 4220 1331 4276; x_wconf 81' lang='lat' dir='ltr'><strong>eonstItntns</strong></span> <span class='ocrx_word' id='word_1_283' title='bbox 1355 4237 1422 4276; x_wconf 84' lang='lat' dir='ltr'><strong>esse.</strong></span> 
     </span>
     <span class='ocr_line' id='line_1_39' title="bbox 283 4307 1422 4380; baseline 0.002 -20"><span class='ocrx_word' id='word_1_284' title='bbox 283 4307 411 4375; x_wconf 66' lang='lat' dir='ltr'><strong>Quamvis</strong></span> <span class='ocrx_word' id='word_1_285' title='bbox 430 4324 494 4362; x_wconf 82' lang='lat' dir='ltr'><strong>vero</strong></span> <span class='ocrx_word' id='word_1_286' title='bbox 511 4309 541 4362; x_wconf 88' lang='lat' dir='ltr'><strong>in</strong></span> <span class='ocrx_word' id='word_1_287' title='bbox 557 4309 712 4365; x_wconf 79' lang='lat' dir='ltr'><strong>universum</strong></span> <span class='ocrx_word' id='word_1_288' title='bbox 729 4327 765 4364; x_wconf 88' lang='lat' dir='ltr'><strong>ne</strong></span> <span class='ocrx_word' id='word_1_289' title='bbox 782 4310 915 4380; x_wconf 74' lang='lat' dir='ltr'><strong>temporis</strong></span> <span class='ocrx_word' id='word_1_290' title='bbox 925 4311 1042 4378; x_wconf 57' lang='lat' dir='ltr'><strong>‚quidem</strong></span> <span class='ocrx_word' id='word_1_291' title='bbox 1059 4310 1130 4366; x_wconf 86' lang='lat' dir='ltr'><strong>ratio</strong></span> <span class='ocrx_word' id='word_1_292' title='bbox 1147 4309 1305 4380; x_wconf 74' lang='lat' dir='ltr'><strong>habitauit,</strong></span> <span class='ocrx_word' id='word_1_293' title='bbox 1330 4315 1422 4366; x_wconf 83' lang='lat' dir='ltr'><strong>tamen</strong></span> 
     </span>
     <span class='ocr_line' id='line_1_40' title="bbox 281 4395 1422 4470; baseline 0.004 -21"><span class='ocrx_word' id='word_1_294' title='bbox 281 4396 360 4450; x_wconf 90' lang='lat' dir='ltr'><strong>initio</strong></span> <span class='ocrx_word' id='word_1_295' title='bbox 377 4395 468 4466; x_wconf 85' lang='lat' dir='ltr'><strong>posita</strong></span> <span class='ocrx_word' id='word_1_296' title='bbox 484 4401 547 4451; x_wconf 83' lang='lat' dir='ltr'><strong>aunt</strong></span> <span class='ocrx_word' id='word_1_297' title='bbox 564 4415 604 4467; x_wconf 88' lang='lat' dir='ltr'><strong>ea,</strong></span> <span class='ocrx_word' id='word_1_298' title='bbox 622 4413 690 4467; x_wconf 82' lang='lat' dir='ltr'><strong>quae</strong></span> <span class='ocrx_word' id='word_1_299' title='bbox 708 4399 767 4470; x_wconf 85' lang='lat' dir='ltr'><strong>ipso</strong></span> <span class='ocrx_word' id='word_1_300' title='bbox 786 4398 917 4470; x_wconf 79' lang='lat' dir='ltr'><strong>ephabIae</strong></span> <span class='ocrx_word' id='word_1_301' title='bbox 935 4398 1021 4467; x_wconf 81' lang='lat' dir='ltr'><strong>initio,</strong></span> <span class='ocrx_word' id='word_1_302' title='bbox 1039 4398 1058 4453; x_wconf 89' lang='lat' dir='ltr'><strong>i.</strong></span> <span class='ocrx_word' id='word_1_303' title='bbox 1076 4415 1102 4454; x_wconf 83' lang='grc'><strong>6.</strong></span> <span class='ocrx_word' id='word_1_304' title='bbox 1118 4398 1315 4458; x_wconf 75' lang='lat' dir='ltr'><strong>Boddromione</strong></span> <span class='ocrx_word' id='word_1_305' title='bbox 1331 4415 1422 4459; x_wconf 79' lang='lat' dir='ltr'><strong>meuse</strong></span> 
     </span>
     <span class='ocr_line' id='line_1_41' title="bbox 283 4486 393 4541; baseline -0.009 -1"><span class='ocrx_word' id='word_1_306' title='bbox 283 4486 393 4541; x_wconf 80' lang='lat' dir='ltr'><strong>flebant.</strong></span> 
     </span>
    </p>
   </div>
   <div class='ocr_carea' id='block_1_7' title="bbox 0 0 1548 5076">
    <p class='ocr_par' dir='ltr' id='par_1_11' title="bbox 0 0 1548 5076">
     <span class='ocr_line' id='line_1_42' title="bbox 0 0 1548 5076; baseline 0 0"><span class='ocrx_word' id='word_1_307' title='bbox 0 0 1548 5076; x_wconf 95' lang='lat' dir='ltr'><strong> </strong></span> 
     </span>
    </p>
   </div>
  </div>
 </body>
</html>
