3082 5076
816 349 855 410 32

264 519 431 606 στρατηγὸς
451 519 505 583 ἐπὶ
526 519 563 583 τὰ
588 517 676 582 ὅπλα
699 517 734 584 C.
757 518 781 582 1.
807 517 862 581 Gr.
887 519 965 596 485,
989 520 1132 580 cosmeta
1150 512 1236 596 Ἀρχ.
1258 514 1312 595 ἐφ.
1335 535 1405 595 περ.

266 629 296 686 Β
317 623 371 705 α’ρ.
397 628 457 690 107
472 625 511 708 ⁷).

348 727 470 794 Eodem
500 729 657 811 pertinet,
688 727 774 810 qnod
804 728 965 791 cosmetae
993 723 1114 788 nomini
1147 741 1243 805 saepe
1274 721 1407 787 additur

263 833 452 899 vocabulum
485 829 600 915 ispssic,
635 852 734 915 quum
764 831 862 895 etiam
899 827 1081 893 sacerdotia
1110 826 1257 910 inprimis
1291 826 1406 893 nobili·

264 937 324 1004 bus
347 938 500 1004 mandata
532 939 606 1003 sint.
667 935 825 1000 Krausius
858 932 986 1017 quidem
1018 931 1086 1015 lp.
1112 935 1174 996 212
1205 930 1266 996 hoc
1288 951 1407 1034 norpen

263 1063 334 1108 cum
365 1045 436 1126 ipso
469 1047 629 1108 cosmetae
662 1061 793 1105 munere
822 1039 1027 1105 coniunctum
1056 1036 1155 1102 fuisse
1184 1035 1280 1117 dicit,
1318 1035 1407 1119 quod

263 1161 341 1211 cura
374 1167 539 1212 sacrorum
573 1145 614 1210 ab
646 1144 776 1228 ephebis
805 1141 1025 1208 faciendorum
1055 1141 1084 1205 ei
1115 1140 1268 1205 mandata
1296 1139 1405 1204 fuerit.

263 1251 307 1316 At
328 1250 388 1316 hoc
410 1271 519 1315 verum
530 1270 594 1314 non
617 1269 696 1328 esse,
719 1246 776 1314 sed
797 1246 852 1312 illo
875 1243 1125 1312 vocabulonihil
1148 1242 1237 1309 aliud
1255 1243 1318 1308 dici
1341 1245 1407 1308 nisi

262 1355 397 1422 eundem
419 1355 577 1420 hominem
602 1353 697 1419 simul
719 1353 816 1418 etiam
838 1351 946 1435 aliquo
961 1348 1143 1416 sacerdotio
1164 1348 1309 1414 functum
1322 1369 1405 1428 esse,

262 1466 296 1526 et
317 1461 399 1525 inde.
413 1460 622 1545 perspicitur,
653 1457 740 1543 quod
762 1456 863 1539 ἱερεύς
884 1455 979 1520 modo
1011 1453 1141 1520 additur
1163 1459 1324 1518 cosmetae
1347 1474 1407 1520 no·

262 1565 359 1646 mini,
393 1565 489 1631 modo
510 1585 576 1630 non
600 1563 748 1644 additur,
778 1567 812 1627 et
835 1561 911 1627 inde
943 1559 1030 1644 quod
1059 1577 1155 1640 saepe
1185 1557 1406 1623 accuratiores

262 1670 331 1734 eius
353 1668 525 1734 sacerdotii
536 1667 738 1732 definitiones
759 1685 881 1749 eaeque
902 1665 987 1732 inter
1010 1684 1045 1728 se
1061 1661 1234 1728 admodum
1256 1662 1406 1728 diversae

263 1773 457 1839 adiiciuntur
479 1768 593 1856 (ἱερεὺς
616 1773 698 1836 θεοῦ
722 1775 776 1834 καὶ
800 1769 981 1845 daoic.0.1.
1005 1768 1061 1834 Gr.
1075 1772 1148 1832 274.
1174 1768 1296 1848 Φοίβου
1318 1791 1385 1849 προ

262 1879 361 1963 φήοης
385 1875 459 1940 (Dei.
489 1879 520 1939 Γ
553 1895 584 1958 p.
609 1879 683 1939 277.
711 1871 811 1959 ἱερεὺς
843 1872 999 1966 docrinas
1026 1871 1104 1946 ibid.
1136 1879 1166 1934 A
1193 1894 1225 1956 p.
1251 1875 1316 1959 76).
1362 1875 1406 1940 Id

261 1987 389 2048 tantum
417 1979 547 2046 concedi
568 1985 697 2064 potest,
730 1980 867 2046 fortasse
889 1976 1038 2044 cosmatis
1070 1997 1165 2062 saepe
1188 1978 1269 2044 talia
1296 1999 1406 2044 sacer-
1515 2037 1518 2048 .

261 2087 353 2154 dotia
390 2084 544 2150 mandata
578 2103 665 2166 esse,
700 2103 783 2166 quae
813 2081 920 2165 aliquo
952 2080 1048 2146 modo
1087 2081 1136 2160 ei,
1170 2084 1220 2148 oui
1252 2084 1406 2150 iuvenum

261 2209 339 2254 cura
367 2188 493 2254 tradita
522 2193 603 2271 erat,
636 2189 718 2255 bene
754 2185 922 2254 convenire
961 2184 1165 2279 viderentur,
1199 2194 1236 2253 ut
1271 2187 1345 2252 ort.
1370 2196 1408 2253 A

260 2315 292 2376 p.
318 2297 382 2358 428
413 2291 515 2377 ἱερεὺς
531 2291 722 2378 Ἡρακλέους
750 2299 800 2358 est
827 2296 987 2374 cosmeta,
1021 2290 1104 2357 01.
1129 2291 1184 2356 Gr.
1209 2297 1272 2358 258
1299 2291 1406 2378 ἱεροῦ-ς

255 2395 408 2470 Εὐκλείας
429 2401 484 2458 καὶ
505 2394 668 2480 Εὐνομίας
680 2397 718 2482 ⁸).

345 2502 520 2568 Praeterea
551 2502 782 2585 imperatorum
818 2510 963 2587 tempore
993 2501 1060 2570 iere
1095 2522 1220 2586 semper
1250 2503 1404 2570 ludorum

260 2607 461 2692 quorundam
502 2606 697 2692 agonotheta
726 2612 787 2672 est.
806 2612 957 2684 cosmeta.
1009 2607 1052 2673 Et
1085 2607 1230 2690 inprimis
1269 2608 1403 2691 quidem

260 2712 498 2778 Athenaeorum
520 2711 729 2794 agonothesia
758 2733 854 2797 saepe
885 2713 914 2778 ei
936 2712 1108 2779 mandatur
1130 2710 1180 2795 (O.
1202 2711 1227 2775 Ι.
1252 2712 1307 2776 Gr.
1324 2716 1403 2778 245.

260 2822 333 2884 283.
369 2815 444 2880 (Dat.
465 2819 496 2879 Γ
523 2837 555 2899 p.
580 2820 651 2884 278.
681 2816 750 2900 ’Em
780 2816 852 2899 α’ρχ.
885 2818 984 2900 2601)
1025 2816 1082 2882 sed
1113 2817 1210 2883 etiam
1244 2817 1327 2883 aliae
1361 2825 1404 2883 ut

260 2921 492 2988 Comodcorum
524 2919 597 3014 (Dat.
620 2923 650 2983 Γ
666 2943 696 3005 p.
722 2926 801 2998 278,
825 2923 1037 2988 Antino'e'rum
1067 2924 1100 2987 in
1122 2922 1202 2988 urbe
1232 2929 1265 2988 et
1287 2921 1403 3006 Epini·

258 3051 485 3062 *—

328 3109 355 3177 7)
373 3108 405 3161 In
422 3108 604 3178 Ephemeride
621 3109 680 3178 ipsa
698 3111 807 3178 quidem
823 3109 986 3182 Ἀρχιδάμου
1004 3113 1083 3182 inest,
1102 3111 1150 3166 sed
1168 3111 1202 3165 E.
1215 3109 1299 3164 Curtii
1320 3127 1404 3178 prae-

257 3197 374 3267 ceptoris
392 3198 524 3252 carissimi
542 3199 640 3252 eximia
659 3198 849 3254 benevolentia
867 3206 994 3270 ectypum
1012 3201 1095 3271 ipsius
1113 3199 1212 3269 lapidis
1230 3200 1264 3253 ad
1282 3216 1326 3254 me
1337 3215 1403 3268 per-

256 3287 331 3340 venit
349 3287 377 3339 in
395 3305 448 3355 quo
466 3287 562 3342 literae
580 3289 799 3342 AAKIAAMOY
811 3295 869 3344 tam
887 3291 957 3344 bene
976 3307 1116 3360 expressae
1135 3293 1205 3359 sunt,
1223 3293 1318 3342 utnon
1336 3304 1403 3356 pos·

255 3377 307 3430 sim
324 3376 388 3445 quin
407 3377 539 3431 editorem
557 3378 675 3432 levitatis
700 3395 832 3434 accusem.
870 3380 995 3434 Ceterum
1018 3381 1134 3434 eundem
1151 3379 1227 3434 illum
1245 3379 1276 3432 P.
1299 3379 1402 3430 Aelium

133 3455 137 3462 ¹
254 3465 424 3520 Alcidamum
442 3465 513 3520 hunc
540 3483 598 3520 esse
624 3467 748 3521 indicant
765 3468 876 3522 uomina
894 3469 964 3520 Ait.
985 3469 1160 3539 Θεμιστοκλῆς
1182 3472 1210 3522 ot
1228 3468 1296 3521 Ast.
1315 3465 1402 3519 'Atat-

254 3553 342 3624 οαμος
367 3571 435 3621 quae
452 3555 529 3608 inter
555 3555 674 3624 ephebos
701 3561 876 3612 recensentur
898 3574 924 3612 v.
942 3557 987 3611 23.
1007 3561 1042 3611 24
1060 3557 1179 3611 eiusdem
1203 3556 1401 3624 inscriptionis.

253 3644 324 3698 Nam
352 3643 401 3698 hos
427 3643 498 3698 filios
524 3650 659 3700 cosmetae
687 3646 769 3702 fuisse
799 3665 831 3702 ex
859 3648 940 3702 titulo
964 3647 994 3703 C.
1012 3649 1034 3702 I.
1053 3647 1100 3702 Gr.
1119 3650 1172 3702 246
1201 3647 1298 3702 eodem
1323 3665 1400 3702 anno

252 3731 309 3801 (int
326 3735 416 3786 Σύλλα
435 3733 576 3804 ἄρχοντος)
596 3736 747 3806 composito
767 3742 891 3806 apparet.

324 3823 351 3892 8)
370 3822 426 3876 Has
445 3823 510 3878 deas
527 3842 580 3878 una
597 3825 695 3879 iisdem
714 3813 797 3879 sacris
811 3827 961 3880 celebratas
980 3842 1037 3879 esse
1061 3826 1143 3879 ctiam
1161 3825 1249 3895 Rang.
1267 3843 1295 3878 n.
1314 3825 1399 3880 1089.

253 3907 321 3979 (Ep.
340 3909 404 3980 app.
422 3913 505 3981 2666)
523 3914 645 3968 indicare
662 3914 778 3985 videtur,
796 3916 836 3970 ibi
860 3917 931 3970 enim
942 3913 1055 3986 'mincip
1072 3915 1216 3983 sculptoris
1234 3932 1326 3970 errore
1343 3933 1399 3984 pro

251 3998 376 4071 Edropip
401 4001 533 4070 scriptum
558 4006 642 4072 puto,
671 4021 752 4071 quum
771 4003 874 4056 aevosa
902 4005 953 4058 dea
969 4019 1056 4072 neque
1080 4003 1145 4058 alibi
1167 4009 1401 4060 commemoretur

251 4105 337 4156 neque
356 4089 419 4142 satis
443 4094 507 4160 apte
530 4107 592 4145 oum
610 4089 724 4162 Eiststp
751 4093 947 4164 coniungatur3
973 4093 1175 4162 Itaquevetiam
1193 4094 1254 4145 eat.
1273 4100 1293 4146 A
1311 4111 1339 4162 p.
1359 4097 1398 4150 84

250 4181 324 4231 recte
345 4177 530 4232 Gumanudem
549 4175 632 4253 [ἱερέα
644 4179 774 4241 Εὐκλείας
792 4182 839 4234 καὶ
857 4182 1008 4254 &proptor
1024 4181 1189 4250 supplevisse
1202 4185 1278 4251 puto.
1301 4183 1398 4238 Etiam

250 4265 327 4320 sedes
350 4265 429 4323 huius
454 4268 601 4324 sacerdotis
623 4285 710 4337 nuper
734 4271 762 4325 in
787 4270 894 4326 theatro
915 4271 1026 4325 inventa
1051 4271 1092 4320 est
1116 4264 1199 4340 (Ἀρχ.
1216 4267 1260 4353 ip.
1281 4283 1339 4335 περ.
1364 4274 1397 4320 Β.

250 4355 294 4421 «tp.
315 4355 385 4422 155).
