3082 5076
703 290 738 350 lu

144 454 442 538 σνοτρεμμοτοίρχοο
466 492 504 504 -
538 457 610 530 τοὺς
638 458 852 543 συνεφήβους
885 457 1079 544 ἀνέγραψαν
1109 459 1182 527 ‘Did
1204 466 1244 528 B.
1267 484 1298 546 p.

146 565 240 641 429).
285 561 320 626 In
359 560 420 626 hoc
447 560 544 627 titulo
575 559 723 629 undecim
755 541 1079 647 systiemmatarchae
1109 567 1300 650 efferuntur3

146 667 205 751 qui
226 687 378 733 numerus
399 687 499 750 quum
520 665 561 732 ab
593 687 630 732 ec
660 689 737 748 usu,
772 669 827 752 qui
854 669 887 734 in
917 670 1073 736 eiusmodi
1094 671 1191 738 rebus
1213 673 1299 756 apud

145 770 360 837 Athenienses
393 770 550 870 uhtinuit‚
588 793 721 855 prorsus
753 772 946 855 abhorreat,
981 797 1045 839 non
1079 774 1192 842 dubito
1222 777 1299 861 quin

145 897 245 944 uuum
269 895 385 942 nomen
406 877 640 948 auteranuerit
663 882 721 944 aut
742 875 938 961 negligentia
953 879 1123 961 sculptoris
1147 880 1297 946 omissum

146 988 203 1051 sit.
247 983 601 1058 erraveramus,
624 1008 655 1069 p.
680 991 753 1051 549.
785 989 951 1055 duodecim
978 989 1298 1072 systremmatarohae

145 1091 309 1156 recenseri
330 1089 479 1157 videntur
489 1091 530 1171 ⁷).
577 1089 657 1156 (lum
689 1091 749 1156 huc
776 1113 851 1158 vero
883 1100 1145 1176 aystremmatum
1167 1116 1298 1160 numero

146 1195 232 1262 bene
253 1195 401 1261 convenit
417 1193 501 1278 quod
522 1194 591 1277 Ἕω.
615 1193 688 1276 α’ρχ.
713 1201 810 1277 2235,
832 1198 888 1280 qui
905 1197 1019 1263 titulus
1043 1197 1183 1280 ephebos
1205 1199 1299 1272 unius
1363 1243 1366 1248 -

146 1299 383 1385 systremmutis
396 1300 539 1366 continet
548 1298 586 1383 8),
599 1301 765 1365 duodecim
783 1302 912 1368 nomina
925 1303 1048 1385 scripta
1059 1308 1145 1380 sunt,
1170 1303 1243 1367 Φιλ.
1258 1308 1299 1379 A,

146 1425 181 1488 p.
200 1408 273 1469 384.
297 1424 371 1470 vero
394 1425 433 1468 ex
455 1404 580 1469 duobus
611 1407 845 1488 systremmatis
868 1406 1006 1471 alterum
1028 1406 1226 1487 duodecim,¹
1249 1405 1298 1472 al-

146 1514 257 1574 terum
285 1508 441 1574 tredecim
472 1507 613 1592 ephebos
642 1511 793 1574 continet.
838 1509 926 1574 Haeo
955 1510 1040 1574 enim
1061 1511 1128 1576 fere
1150 1517 1200 1575 est
1222 1511 1298 1575 duo·

147 1613 274 1680 decima
294 1633 371 1697 pars
394 1619 521 1680 centum
545 1619 578 1678 et
591 1613 830 1698 quinquaginta
844 1613 1048 1697 epheborum,
1073 1636 1169 1698 quem
1190 1635 1299 1682 nume·

148 1741 222 1784 rum
244 1719 342 1784 fuisse
365 1740 463 1802 supra
486 1719 633 1784 vidimus.
859 1785 867 1792 ,

238 1824 442 1918 Quanquam⁸
461 1826 561 1908 igitur
590 1828 818 1908 systremmata
847 1844 1013 1888 numerum
1040 1823 1185 1888 tribuum
1207 1845 1317 1895 exue.

152 1927 305 2012 quabant,
327 1933 437 1994 tamen
459 1928 581 1994 nullam
602 1928 688 1992 inter
710 1931 935 2010 systremmata
958 1931 990 1990 et
1011 1926 1117 1992 tribus
1141 1928 1300 1992 rationem

148 2034 348 2098 intercedere
370 2035 482 2100 statim
496 2032 655 2116 intelhget
677 2034 732 2115 qui
763 2034 893 2122 nomina
915 2031 1081 2096 demonum
1106 2031 1180 2096 Φιλ.
1202 2036 1244 2108 A,
1267 2056 1298 2117 p.

150 2143 226 2203 384.
248 2162 279 2205 n.
301 2142 329 2204 3.
352 2137 550 2223 epheborum
571 2137 753 2203 nominibus
776 2137 889 2202 addita
911 2136 1205 2224 consideraverim).
1236 2136 1300 2204 Sed

223 2273 250 2341 7)
268 2275 333 2326 sunt
355 2271 465 2340 quidem
488 2273 622 2327 tredecim
640 2273 764 2342 nomina,
790 2272 840 2326 sed
856 2273 915 2326 iure
940 2271 1059 2340 primum
1078 2287 1111 2325 ex
1130 2272 1164 2325 iis
1181 2273 1215 2326 E.
1235 2273 1299 2328 Cur·
1388 2279 1392 2294 ⁸

146 2361 203 2416 tius
222 2359 258 2428 (v.
277 2361 460 2415 Cumauudem
479 2362 507 2414 in
527 2361 598 2415 Phil.
616 2361 652 2415 ad
670 2361 698 2414 h.
717 2362 746 2430 l.)
765 2380 819 2415 non
843 2361 977 2424 hominis,
1006 2361 1055 2414 sed
1079 2360 1123 2414 dei
1148 2378 1206 2416 esse
1231 2363 1300 2417 dixit

147 2468 229 2520 quem
249 2450 433 2520 synephebum
453 2468 530 2506 suum
549 2468 607 2506 esse
625 2451 746 2522 tingimt,
776 2450 901 2504 similiter
919 2454 1000 2518 atque
1018 2451 1046 2502 in
1064 2451 1118 2505 alio
1136 2453 1227 2508 nescio
1246 2471 1299 2522 quo

149 2540 234 2596 titulo
252 2540 359 2594 Athene
376 2540 466 2594 Polias
483 2541 556 2595 inter
572 2545 700 2610 prytanes
716 2547 881 2594 recensetur.

220 2630 248 2699 8)
266 2629 296 2682 in
319 2629 372 2683 hoc
396 2630 477 2684 titulo
496 2630 612 2684 Pittulris
639 2630 748 2698 quidem
774 2627 870 2696 scribit
887 2626 917 2698 τῇ
934 2620 1021 2699 adiab
1039 2628 1149 2700 σορὲμμ·
1168 2628 1299 2694 ἀνέθηκεν

151 2713 204 2789 [ἐκ]
239 2717 290 2769 τῶν
320 2717 397 2769 ἰδίων
421 2719 599 2788 Πολέμαρχος
628 2716 826 2786 Ἀπολλοφάνης
855 2711 1020 2783 σονεηῆβων.
1067 2715 1144 2784 Quod
1172 2718 1304 2788 equidem„

148 2824 205 2861 non
217 2807 351 2878 intelligo,
375 2808 581 2877 explicationem
600 2824 665 2862 vero
680 2807 730 2860 viri
741 2805 816 2860 docti
833 2804 920 2858 multo
939 2805 1022 2858 etiam
1036 2805 1135 2860 minus.
1171 2807 1298 2862 Ceterum

148 2900 227 2966 putet
244 2896 326 2966 haec,
350 2901 381 2950 ut
398 2898 498 2952 multos
514 2899 571 2951 eius
591 2897 667 2950 modi
685 2895 792 2965 titulus,
811 2895 919 2947 heroico
935 2899 1023 2946 metro
1036 2895 1187 2964 compositu
1203 2896 1297 2951 luisse:

150 3003 205 3055 qua
223 2986 258 3040 de
276 3003 356 3040 cauea
373 3003 408 3040 ne
426 3004 487 3041 cnm
497 2989 629 3042 Bursiano
647 2987 765 3056 quidem,
784 2984 831 3052 qui
848 2983 916 3036 vidit
935 2983 970 3035 de
983 2987 1172 3051 systremmate
1189 2986 1234 3040 hic
1253 2988 1298 3057 ngu'

151 3073 290 3141 (Berichte
309 3075 359 3130 der
378 3075 442 3146 Kgl.
464 3079 552 3132 siche.
570 3076 719 3132 Gesellsuh.
745 3075 795 3127 der
812 3071 977 3126 Wissensch·
996 3073 1066 3126 1860
1084 3091 1111 3142 p.
1128 3076 1191 3144 225)
1209 3075 1238 3128 in
1256 3092 1298 3130 ce·

151 3165 218 3220 teris
236 3164 409 3219 restituendis
428 3167 577 3236 consentio,
596 3166 644 3219 sed
661 3165 751 3234 potius
770 3167 809 3218 ita
827 3160 988 3230 simpliciter
1004 3160 1151 3230 legendum
1168 3168 1251 3232 puto:

619 3251 773 3330 σό]στριμμ’
791 3248 920 3314 ἀνέθηκεν

309 3341 369 3394 Τῶν
386 3344 464 3395 ἰδίων
482 3343 654 3414 πολέμαρχος
669 3341 868 3410 Ἀπολίοηάνης
885 3337 1050 3406 συνεφήβων.

150 3427 217 3484 Post
235 3428 367 3495 ἀνέθηκεν
383 3450 437 3486 non
458 3434 555 3487 lacuna
582 3436 635 3501 est,
665 3432 713 3485 sed
730 3432 791 3484 finis
808 3446 910 3484 versus.
946 3429 975 3481 Si
998 3429 1042 3482 cui
1059 3428 1203 3499 displiceat
1220 3431 1297 3483 ἰδίων

150 3535 202 3588 pro
228 3536 307 3588 pron.
336 3523 503 3592 possessivo,
527 3524 650 3577 conferat
674 3523 737 3574 ψιλ.
754 3522 788 3575 Α.
812 3537 841 3590 p.
859 3519 922 3572 428.
940 3535 968 3572 n.
986 3521 1013 3572 3.
1030 3535 1056 3571 v.
1075 3521 1101 3573 9.
1127 3521 1189 3574 518.
1207 3535 1233 3573 v.
1253 3525 1296 3575 ll.

151 3608 278 3662 Ceterum
298 3612 438 3666 consentio
457 3630 518 3666 cum
537 3613 681 3683 ltursiuno,
709 3610 755 3679 qui
772 3608 944 3678 πολέμαρχος
965 3606 1010 3660 hic
1028 3607 1222 3676 appellativum
1238 3625 1296 3664 essu

151 3699 180 3750 et
196 3701 467 3766 systremmataruhae
485 3720 581 3756 munus
601 3701 751 3772 significare
769 3699 838 3753 vult.

231 3789 258 3857 9)
277 3788 351 3844 felici
368 3791 484 3859 quodem
509 3809 573 3848 cusu
597 3794 700 3862 evenit,
728 3795 759 3846 ut
776 3783 963 3843 recentissimo
989 3787 1113 3856 tempore
1130 3785 1297 3842 inveniretur

151 3887 246 3941 titulus
265 3883 336 3952 (Φίί.
356 3889 384 3933 Γ.
402 3898 431 3950 p.
450 3884 504 3936 444
517 3882 587 3952 sqq.)
605 3883 651 3950 qui
675 3880 753 3935 hmus
770 3878 854 3949 ipsius
879 3874 943 3928 enni
960 3872 1080 3940 ephebos
1098 3891 1193 3928 omues
1210 3878 1296 3930 conti·

152 3981 214 4041 net,
238 3975 266 4029 in
284 3953 343 4043 qut¹
362 3970 453 4025 omnia
470 3969 518 4024 illa
534 3970 646 4024 uomina
669 3960 731 4024 suis'
748 3967 873 4023 tribubus
887 3962 1025 4030 adscripta
1042 3963 1166 4017 redeunt.
1202 3964 1297 4035 Magni

151 4063 284 4119 momenti
302 4066 352 4130 est,
371 4059 444 4128 quod
461 4063 517 4112 tres
536 4058 642 4126 Milesii,
660 4060 706 4128 qui
715 4061 772 4115 illic
789 4059 818 4112 in
830 4056 883 4111 fine
900 4051 1095 4123 systremmatis
1111 4057 1296 4125 recensentur,

151 4153 197 4208 hie
211 4153 286 4208 inter
304 4151 476 4230 adscriptitios
492 4149 623 4218 redeunt;
648 4167 701 4219 qua
719 4168 749 4204 re
767 4154 796 4204 et
811 4145 901 4206 Ressii
919 4141 1068 4203 sententiae
1085 4140 1120 4195 de
1137 4141 1233 4196 Mileto
1249 4159 1297 4197 no-

151 4259 216 4298 vum
233 4239 341 4296 accedit
356 4237 555 4308 testimonium,
580 4241 608 4291 et
625 4240 783 4310 peregrinos
800 4236 829 4292 in
847 4233 949 4290 eisdem
967 4229 1161 4300 systrcmmutis
1178 4245 1241 4285 cum
1259 4231 1296 4286 ci·

151 4331 229 4385 vibus
247 4327 406 4384 coniunctus
423 4326 504 4381 fuisse
527 4324 711 4386 confirmatur.

960 4417 1009 4481 2*
