3082 5076
706 347 724 406 d

127 511 304 596 Ῥωμαῖος,
337 512 496 596 Mearm
517 514 681 599 Maa'poeov
711 515 881 599 Μελιτεύς)
913 517 1078 607 appellari.
1125 518 1187 597 Qui
1217 539 1285 584 mos

138 635 238 702 quum
265 638 340 682 vere
364 616 506 682 Graecus
530 623 562 682 61
586 638 605 683 6
627 619 779 686 Romanis
802 641 935 704 prorsus
968 621 1091 688 6116116
1113 623 1169 704 611,
1201 645 1284 689 com·

137 725 258 810 probat
281 725 421 790 Graecos
444 745 482 790 eo
504 730 649 809 tempore
671 749 795 793 morum
814 729 1030 795 Romanorum
1052 735 1119 796 tam
1141 732 1284 798 insuetos
1389 753 1407 804 ¹,
1494 738 1502 744 “

136 830 255 910 fuisse,
288 834 325 895 ut
347 833 454 913 potius
476 830 630 912 Romani,
661 834 772 918 quiin
794 833 930 899 Graecia
953 835 1126 919 degebant,
1154 835 1284 900 illorum
1308 919 1315 926 ¹

137 953 244 1001 mores
266 933 481 998 imitarentur.
527 933 650 1011 Quibus
673 936 821 1004 omnibus
845 939 877 1002 in
896 939 1054 1004 rationem
1075 937 1197 1004 vocatis
1219 960 1284 1006 non

136 1060 251 1105 vereor
272 1059 313 1104 ne
334 1039 428 1104 nimis
449 1039 557 1104 audax
578 1041 707 1123 videar,
731 1043 758 1108 61
780 1064 840 1126 pro
862 1050 951 1109 certo
973 1044 1143 1126 affirmem,
1174 1065 1284 1109 omnes

136 1143 203 1209 hos
231 1141 350 1208 titulos
378 1144 468 1208 iutro
503 1145 639 1210 alterum
675 1154 748 1212 unte
784 1147 946 1213 Christum
979 1155 1090 1214 cetum
1122 1151 1283 1214 succulum

137 1247 334 1330 compositos
357 1265 437 1312 esse.
472 1307 475 1312 .

227 1350 382 1416 Consulto
404 1350 569 1431 hucusque
590 1351 677 1414 tacui
696 1349 736 1414 de
757 1350 853 1432 ipsiS,
875 1372 959 1434 quae
982 1353 1015 1417 in
1036 1355 1141 1420 titulis
1162 1357 1282 1434 insunt,

137 1464 320 1540 temporum
350 1454 607 1534 definitionibus,
633 1455 767 1520 nomina
797 1455 986 1522 archontum
1018 1458 1098 1524 dico.
1144 1460 1283 1526 Tantum

139 1563 225 1628 enim
242 1561 340 1628 abest
368 1565 406 1625 ut
437 1559 518 1626 haec
547 1559 590 1624 ad
611 1564 738 1642 tempus
760 1561 1005 1643 inscriptionum
1028 1565 1282 1647 cognoscendum

137 1667 233 1733 utilia
258 1667 341 1747 sint,
371 1669 408 1730 ut
434 1667 505 1748 ipsa
535 1665 735 1729 accuratiore
762 1665 918 1748 temporis
942 1665 1126 1732 definitione
1152 1676 1281 1752 egeant:

137 1793 305 1838 versamur
317 1771 402 1836 enim
423 1770 457 1834 in
480 1790 517 1834 eo
535 1774 681 1852 tempore
701 1769 792 1834 cuius
808 1769 998 1835 archontum
1019 1772 1117 1837 series
1132 1774 1283 1838 continua

141 1899 273 1963 prorsus
301 1875 426 1941 interiit
455 1894 558 1957 neque
590 1871 755 1956 hucusque
786 1875 915 1938 restitui
946 1877 1062 1958 potuit.
1106 1877 1227 1942 Tamen
1248 1877 1280 1941 id

140 1989 228 2048 certe
257 1981 320 2046 dici
346 1984 470 2064 potest,
503 1977 632 2043 nomina
660 1998 699 2042 66
720 1997 803 2061 quae
833 1978 868 2043 in
888 1980 992 2045 titulis
1022 1982 1143 2048 nostris
1162 1983 1281 2062 insunt,

138 2109 205 2153 non
225 2085 392 2152 adversari
414 2084 474 2165 616,
507 2103 589 2166 quae
617 2081 746 2148 aliunde
770 2081 809 2148 de
839 2090 948 2149 aetate
967 2106 1078 2150 eorum
1100 2086 1282 2152 statuimur.

138 2193 223 2258 Nam
245 2192 279 2255 in
301 2191 396 2255 inscr.
420 2193 438 2252 3
460 2189 545 2252 inest
555 2186 660 2252 Medei
681 2209 808 2270 nomen,
831 2209 926 2273 quem
939 2188 1163 2255 Meiercomm.
1182 2192 1280 2275 epigr.

140 2302 160 2362 2
181 2319 213 2380 p.
237 2299 278 2359 87
302 2294 399 2377 Argei
422 2291 595 2375 Tricorysii
618 2290 785 2400 aequplem
801 2292 869 2356 fere
890 2292 989 2357 fuisse
1012 2293 1121 2359 docet:
1142 2296 1283 2379 Argeum

139 2421 215 2468 vcro
249 2397 340 2484 (ibid.
370 2418 405 2480 p.
438 2396 493 2480 81)
527 2395 613 2459 11161
639 2415 740 2460 61166
774 2399 834 2459 168
866 2401 899 2460 et
931 2400 971 2472 27
994 2418 1023 2461 a.
1049 2397 1122 2462 Chr.
1152 2421 1282 2464 munere

85 2514 90 2522 '
138 2488 364 2573 fiructumesse
383 2502 592 2566 demonstrat.
637 2498 844 2582 Agathoclem
859 2501 1006 2585 (116611)
1031 2501 1184 2568 Coruinus
1195 2505 1232 2568 F.
1243 2505 1281 2570 A.

139 2611 194 2692 IV,
217 2633 247 2692 p.
264 2612 325 2672 114
346 2605 445 2671 refert
467 2603 509 2670 ad
531 2625 650 2670 annum
675 2605 733 2669 131
758 2602 865 2668 eObr.
909 2604 1092 2670 Heraclitus
1115 2605 1195 2692 (Ἐφ.
1210 2607 1292 2692 cipp.

140 2715 241 2799 4041)
275 2713 309 2776 in
337 2710 516 2792 fragmento
552 2707 689 2792 catalogi
725 2706 914 2773 archontum
943 2730 1001 2792 per
1029 2709 1153 2792 aliquot
1181 2733 1283 2778 annos

140 2820 328 2886 continuato
360 2814 446 2898 apud
468 2813 623 2882 Meierum
651 2812 672 2876 l.
704 2812 724 2876 l.
752 2833 783 2895 p.
809 2817 850 2877 69
879 2813 1057 2894 invenitur,
1086 2815 1172 2898 quod
1198 2839 1228 2880 r.
1251 2817 1282 2881 d.

139 2926 227 2990 inter
248 2921 298 2986 Ol.
325 2925 395 3000 130,
423 2923 437 2982 1
467 2921 544 3004 (260
573 2939 602 2982 a.
627 2917 716 3002 Chr.)
739 2923 771 2982 61
793 2917 1009 2984 Romanorum
1033 2919 1283 2987 donrinationem

140 3027 358 3109 conscriptum
379 3044 449 3092 csse
470 3023 596 3088 statuit.

225 3131 271 3198 Ut
293 3113 475 3194 accuratius
497 3126 687 3209 definiatur,
719 3148 878 3211 quaenam
898 3129 983 3193 inter
1006 3128 1148 3211 singulos
1169 3129 1283 3195 titulos

140 3233 322 3303 intercedat
342 3237 524 3314 temporum
541 3233 636 3312 ratio,
659 3231 729 3297 fieri
750 3254 815 3299 non
827 3236 951 3316 potest3
974 3237 1007 3298 61
1029 3233 1056 3297 61
1078 3233 1149 3297 ficri
1164 3239 1283 3316 posset,

141 3339 256 3406 inutile
286 3342 380 3402 essct.
423 3335 461 3412 ld
490 3358 589 3400 unum
619 3335 682 3400 dici
711 3342 837 3420 potest,
870 3358 979 3402 omnes
1013 3338 1098 3403 inter
1130 3360 1164 3404 66
1196 3339 1283 3403 haud

141 3444 267 3529 magnis
288 3414 470 3524 temporum
481 3439 657 3504 intervallis
680 3439 842 3520 distineri3
862 3441 948 3523 quod
960 3463 1058 3524 quum
1081 3463 1120 3506 ex
1141 3446 1284 3518 totorum
1327 3505 1333 3513 ,

141 3549 311 3616 titulorum
332 3544 541 3611 similitudine
563 3551 633 3610 tum
656 3555 695 3610 eh
717 3544 891 3610 eorundem
907 3546 1070 3611 hominum
1091 3546 1283 3627 nominibus,

142 3675 225 3739 quae
247 3653 283 3718 in
304 3649 520 3734 compluribus
541 3650 662 3730 insunt,
685 3648 877 3732 intelligitur
899 3649 953 3736 (cf.
977 3671 1045 3734 cap.
1067 3651 1098 3715 Π
1120 3651 1138 3734 ξ
1163 3655 1191 3729 3,
1217 3649 1261 3736 2).
1391 3699 1392 3704 ,

231 3763 260 3824 2.
310 3756 457 3837 Cutcloqi
486 3751 681 3837 epheborum
712 3759 745 3818 et
774 3755 1022 3837 magistratuum
1057 3755 1283 3840 gynmicorum.

123 3861 246 3928 ‘Huius
268 3859 393 3944 generis
415 3857 576 3942 permulta
599 3856 793 3940 exemplaria
823 3857 952 3924 inventa
981 3863 1072 3937 sunt,
1099 3863 1284 3940 temporea

142 3967 251 4051 priore
283 3981 399 4047 genere
432 3981 529 4043 quam
557 3961 694 4026 maxime
728 3959 845 4026 diversi
878 3983 976 4045 quum
1004 3961 1071 4028 fere
1100 3982 1209 4026 omnes
1242 3962 1285 4026 ad

141 4073 372 4155 imperatorum
393 4067 610 4131 Romanorum
632 4072 779 4150 tempora
808 4067 1006 4149 pertincant,
1039 4065 1154 4149 quibus
1183 4067 1285 4150 magis

141 4175 309 4258 magisque
330 4168 465 4234 invaluit
487 4190 556 4232 mos
579 4171 701 4248 omnia,
733 4171 831 4234 etiam
860 4169 1035 4248 levissima,
1065 4169 1099 4262 in
1122 4175 1285 4236 aeternam

142 4283 348 4364 posterorum
379 4275 565 4338 memoriam
598 4274 704 4342 litoris
737 4274 920 4341 mandandi.
976 4273 1107 4338 Maximi
1121 4276 1284 4339 moment'

147 4401 204 4452 666
227 4380 360 4448 tabulae
382 4380 470 4455 sunt,
506 4377 622 4462 quibus
645 4393 754 4444 omnes
779 4379 919 4444 eiusdem
953 4378 1028 4444 anni
1051 4376 1165 4468 ephebi
1192 4377 1286 4444 simul
