3082 5076
726 353 744 412 9

151 516 239 581 cive‘a
261 517 357 600 modo
378 519 500 602 recepti
521 519 555 584 in
577 518 696 603 templo
719 517 853 603 Aglauri
875 520 993 586 armati
1015 521 1176 607 iurabant,
1198 542 1233 587 ae
1256 520 1300 586 of·

151 619 226 686 ficia
247 621 362 687 civium
390 641 555 706 nunquam
576 643 680 706 neque
702 623 736 688 in
756 643 836 707 pace
858 644 962 708 neque
994 623 1029 690 in
1051 625 1137 692 bello
1159 625 1301 692 desertu-

150 747 217 792 ros.
262 727 354 812 Quod
376 730 600 795 iusiurandum
633 734 793 822 servatum
821 731 908 814 apud
930 731 1104 798 stobaeum
1131 731 1225 798 floril.
1249 735 1300 812 43,

152 835 196 896 46
218 836 260 898 et.
268 832 431 900 Pollucem
452 833 535 914 VIII,
562 837 623 898 105
646 855 710 900 non
739 834 905 918 indignum
930 835 1058 903 videtur
1088 837 1176 921 quod
1196 841 1302 902 totum

151 935 206 1001 hio
224 936 454 1005 adscribamus.
499 939 606 1005 Verba
628 939 707 1004 haec
729 939 823 1004 sunt:

244 1040 294 1106 oo
314 1047 515 1124 καταισχυνῶ
545 1045 584 1107 τοὶ
608 1042 695 1108 ὅπλα
718 1043 770 1131 [τοὶ
795 1042 879 1130 ἱερὰ]
903 1040 978 1108 οὐδ’
995 1043 1222 1128 όγκαταλοίψω
1248 1043 1302 1106 τόν

152 1147 369 1232 παραστάτην,
391 1147 468 1250 ότῳχ
484 1150 526 1212 όν
548 1149 716 1234 στοιχήσω·
750 1146 924 1231 docende
946 1151 1001 1211 καὶ
1026 1144 1108 1234 ὑπὲρ
1131 1145 1226 1232 ἳερῶν
1247 1153 1302 1212 καὶ

148 1247 263 1344 [ὑπὲρ]
287 1250 384 1315 ὁσίων
405 1257 459 1314 καὶ
483 1253 583 1336 μόνος
604 1257 659 1316 καὶ
678 1253 757 1336 μετὰ
780 1250 921 1328 πολλῶν,
944 1255 1000 1338 τὴν
1020 1253 1160 1338 πατρίδα
1184 1252 1219 1315 δὲ
1242 1251 1301 1316 orla

151 1353 272 1418 ilduara
288 1356 485 1439 παραόιιίσω,
508 1357 607 1421 πλείω
624 1357 660 1420 δὲ
682 1362 736 1421 καὶ
753 1357 861 1443 ἀρείω,
885 1356 963 1442 ὅσην
985 1359 1028 1421 ἄν
1048 1357 1299 1441 παραδέξωμαι.

152 1463 209 1523 καὶ
229 1458 389 1546 εὐηκοήσω
412 1466 474 1526 ταῖν
497 1461 548 1525 a'al
574 1464 747 1546 κρινόντων
778 1461 973 1548 [ἐμφρόνως]
1007 1466 1063 1523 καὶ
1083 1473 1147 1537 τοίς
1169 1465 1303 1544 θεσμοῖς

151 1573 218 1639 τοῖς
249 1559 424 1649 ἳόριμίνοις
453 1569 604 1650 πείσομαι
637 1570 692 1630 καί
722 1567 877 1641 οὕστινας
902 1565 945 1630 ἄν
974 1564 1094 1640 ἄλλους
1115 1567 1148 1631 τί
1174 1565 1303 1650 πλῆθος

154 1665 318 1754 ίόρόσηται
347 1648 554 1755 ὁμοφρόόως·
590 1675 659 1734 καὶ·
673 1671 717 1734 οἷν
743 1693 789 1745 τις
809 1669 930 1760 α’ναιρῇ
953 1665 1032 1743 Ιτοι)ς
1053 1669 1195 1751 tropeos
1217 1672 1239 1753 ἤ
1258 1665 1301 1753 μή

155 1771 316 1860 πείθηται,
338 1773 397 1839 orla
419 1775 594 1861 ἐπιτρέψω,
617 1774 731 1858 οἶμονῶ
754 1775 790 1839 δὲ
812 1779 867 1838 καί
888 1772 989 1856 μόνος
1010 1779 1064 1836 καὶ
1080 1775 1157 1857 μετὰ
1171 1775 1302 1838 πάντων

157 1882 212 1940 καί
232 1877 301 1963 ἱεροὶ
323 1879 362 1942 τοὶ
385 1878 506 1964 πότρια
527 1879 659 1964 τιμήσω·
689 1885 808 1964 ίσοορος
831 1882 904 1942 θοοὶ
933 1863 1075 1964 [τούτων]
1101 1878 1301 1965 [Ἄγλαυρος

157 1983 326 2060 Ἑνοοίλιος,
343 1986 449 2070 Ἄρης,
474 1983 565 2060 Zeila,
592 1983 727 2061 Θαλλοί,
740 1981 849 2060 Αὐξώ,
867 1981 1038 2068 Ἡγεμόνη]
1049 1985 1088 2069 4).
1124 1983 1214 2062 Quae
1224 1983 1301 2048 huo-

155 2109 256 2172 usque
278 2090 344 2154 dixi
366 2111 465 2174 quum
485 2109 588 2174 aeque
610 2090 651 2154 de
672 2088 819 2154 omnibus
842 2086 973 2170 ephebis
995 2086 1135 2170 valeant,
1158 2094 1301 2172 praeter-

155 2213 195 2258 ea
217 2194 264 2276 ei,
288 2215 423 2279 quorum
444 2187 555 2280 patres
576 2196 611 2259 in
633 2194 717 2259 bello
740 2192 938 2273 ceciderant,
968 2198 1006 2257 ut
1026 2193 1303 2268 demonstraretur

152 2320 209 2365 eos
232 2306 308 2364 ante
330 2319 439 2366 omnes
462 2295 544 2366 alios
566 2297 684 2383 populo
707 2318 804 2363 curae
826 2318 913 2379 esse,
935 2295 1097 2382 Dionysiis
1119 2299 1154 2364 in
1173 2298 1302 2363 theatro

154 2408 230 2469 ante
251 2405 448 2488 tragicorum
470 2409 633 2470 certamen
647 2402 908 2486 producebantur
923 2403 1041 2468 armati
1055 2407 1087 2467 et
1108 2422 1303 2486 apraecone

154 2507 265 2592 populi
286 2507 492 2573 Atheniensis
508 2508 649 2572 *nomine
679 2506 721 2572 ad
738 2506 934 2598 *proedriarn
960 2505 1183 2598 irritabantur
1205 2506 1300 2590 (Plat.
1354 2583 1356 2588 ι

155 2610 277 2676 Menex.
301 2615 364 2677 249
385 2613 422 2677 A.
476 2611 649 2677 Aeschines
673 2615 779 2692 3,]54.
823 2609 920 2674 Iaocr.
945 2610 1043 2693 8582).
1095 2607 1159 2674 Sed
1180 2629 1220 2674 ex
1241 2609 1302 2674 Ae-

156 2716 274 2783 schinis
303 2697 375 2783 loco
408 2717 552 2784 videmus
582 2717 651 2782 eius
672 2721 819 2800 tempore
840 2713 926 2778 huuc
946 2733 1068 2778 morem
1090 2713 1156 2778 iam
1178 2713 1302 2780 obsole-

152 2827 223 2888 tum
242 2821 390 2907 frissel).

241 2926 375 2992 Iuvenes
397 2926 497 3011 igitur
517 2925 577 2991 hoc
599 2925 695 2990 modo
721 2925 755 2989 in
778 2924 893 2990 civium
921 2943 1089 2988 numerum
1110 2924 1233 3006 recepti
1254 2925 1301 2990 di-

155 3037 272 3097 cuntur
293 3031 407 3116 ἔφηβοι
437 3032 521 3098 civili
543 3032 638 3097 huius
665 3027 812 3097 vocabuli
843 3027 1089 3114 significatione3
1123 3029 1301 3112 siquando
1384 3031 1388 3038 '

154 3137 195 3202 de
210 3135 275 3201 alia
286 3141 394 3201 aetate
416 3137 533 3204 dicitur
554 3136 670 3202 latiore
692 3142 725 3201 et
747 3141 783 3200 ut
805 3136 851 3200 ita
874 3133 978 3204 dicam
999 3133 1199 3198 nationalivi
1216 3135 1298 3200 acci-

154 3240 307 3324 piendum
329 3247 379 3306 est
387 3241 426 3326 ⁶).
471 3241 646 3308 Manebant
667 3261 744 3309 vero
766 3227 882 3327 ephebi
904 3261 962 3324 per
983 3237 1064 3304 duos
1087 3257 1197 3305 annos.
1242 3238 1299 3303 At·

340 3433 348 3464 l

227 3497 254 3567 4)
271 3497 313 3550 Ea
331 3514 399 3564 quae
417 3497 492 3558 uncia
509 3497 684 3568 circumdedi,
702 3499 799 3553 Pollux
810 3497 921 3566 omittit,
939 3500 1047 3566 praeter
1060 3495 1172 3549 deorum
1190 3493 1301 3546 nomina

154 3604 222 3656 quae
240 3587 313 3656 apud
331 3586 478 3640 stobaeum
493 3573 602 3641 flerunt.
639 3587 783 3643 Praeterea
793 3587 889 3642 Pollux
906 3583 957 3656 pro
974 3583 1106 3648 εὐηκοήσω
1125 3582 1221 3636 scribit
1239 3598 1299 3632 cor-

154 3674 222 3740 ἦσωι
241 3692 291 3745 pro
310 3673 475 3746 ὃμοορόνως
493 3678 650 3747 ἐμφρόνως,
675 3694 726 3746 pro
745 3678 825 3729 πλείω
845 3675 873 3728 δὲ
899 3674 945 3726 καί
963 3674 1046 3744 ἀρείω
1065 3688 1129 3727 vero
1148 3671 1252 3723 πλιόσω
1269 3669 1300 3720 a·-

153 3764 200 3818 καί
223 3763 376 3834 καταρὸοω,
401 3767 473 3834 quod
495 3767 552 3822 sine
570 3767 653 3822 dubio
677 3769 835 3834 corruptum
853 3769 903 3819 eat.
938 3765 1083 3820 Praeterea
1099 3759 1202 3814 leviora
1220 3775 1301 3828 quae·

154 3855 218 3910 dam
242 3854 399 3910 &cumina
420 3855 493 3909 inter
518 3860 661 3925 utrumque
688 3856 828 3926 exemplar
843 3855 1028 3921 intercedunt,
1055 3865 1124 3919 quae
1141 3857 1300 3902 enumerare

154 3942 388 4013 operaepretium
406 3959 461 3996 non
478 3949 528 3998 eat.

157 4079 161 4082 .
226 4031 430 4102 5)Schaesen1a
456 4036 551 4086 contra
574 4037 667 4086 monet
683 4033 858 4088 Aristotelem
876 4031 958 4086 Polit.
975 4031 1010 4094 II,
1033 4031 1101 4083 1268
1120 4027 1198 4080 huius
1215 4026 1299 4080 moria
1405 4091 1407 4096 ,

154 4126 282 4192 tanquam
300 4139 348 4176 auo
366 4126 491 4191 tempore
508 4120 597 4175 adhuc
609 4121 725 4191 vigentia
742 4122 908 4177 mentionem
925 4121 1025 4190 iacere3
1043 4120 1093 4174 aed
1110 4119 1146 4172 de
1159 4119 1206 4170 Ιιοο
1224 4132 1300 4170 more

153 4211 313 4266 Armtotelee
330 4210 370 4264 ibi
386 4211 496 4265 omniuo
514 4229 568 4266 non
585 4211 661 4266 dicit.
1123 4203 1131 4208 ²

227 4301 254 4370 6)
275 4301 365 4370 iprum
382 4301 514 4370 ephebiae
531 4301 639 4356 initium
655 4303 730 4356 var-io
748 4299 830 4354 modo
849 4295 1030 4369 significatur:
1058 4297 1247 4368 ἐγγράφεσθαι
1264 4297 1301 4354 τίς

154 4389 180 4442 τὸ
199 4388 372 4462 ληξιαρχικὸν
390 4392 585 4460 γραμματεῖον,
603 4391 640 4450 τίς
653 4388 765 4462 ἄνδρας,
783 4389 819 4448 ιίς
837 4385 896 4448 τοὺς
913 4386 1039 4458 δημότας,
1057 4386 1094 4446 είς
1110 4380 1236 4453 ἐφήβους,
1255 4384 1301 4435 clo-
