3082 5076
839 303 879 364 51

293 493 314 540 5
335 473 478 558 Diogene
500 469 659 537 statuario
682 475 714 535 et
736 469 922 552 architecto,
946 471 1001 555 qui
1017 471 1153 556 Augusti
1174 478 1324 559 tempore
1349 476 1465 542 vixit.

292 584 329 643 ut
360 577 506 643 volueret
530 573 768 640 Sohoemennns
791 573 863 658 (Gr.
886 574 1054 640 Alterth.1
1080 597 1111 660 p.
1136 579 1223 662 508),
1247 599 1353 662 quum
1386 581 1468 644 iam

291 683 325 748 in
346 681 524 765 plebiscitis
547 679 680 746 alterius
703 697 733 743 e.
747 676 821 744 Chr.
847 679 965 745 saeculi
988 689 1263 748 commemoretur.
1310 683 1469 750 Contra

290 785 369 853 mihi
391 784 522 851 dubium
542 801 608 848 non
630 801 699 847 esse
721 781 857 865 videtur,
880 805 901 848 e
922 783 1066 868 Diogene
1087 785 1152 866 illo,
1175 787 1286 870 quiin
1310 789 1468 854 eisdem

289 892 396 958 titulis
416 889 577 972 εύεργέτης
598 886 724 967 dicitur,
747 887 862 971 cuique
884 886 1120 972 Diogeneornm
1147 890 1266 956 festum
1288 892 1467 958 celebra·

289 995 388 1062 betur
411 993 551 1078 (ἔθυσαν
565 993 609 1076 τῷ
630 987 772 1078 εὐεργέτῃ
787 993 930 1069 Διογένει
951 992 1047 1056 inser.
1075 997 1142 1057 11.
1170 998 1219 1058 14.
1262 997 1465 1072 Διογένεια
1501 972 1503 1027 ¹

289 1101 386 1166 inser.
409 1102 439 1178 1,
465 1100 504 1160 37
529 1092 574 1182 (1)
597 1098 626 1174 s,
651 1098 702 1157 24.
743 1092 813 1177 uo.
835 1092 907 1177 spx.
931 1097 1014 1158 4041
1038 1115 1067 1159 v.
1087 1097 1140 1180 14)
1162 1096 1330 1165 55511511
1352 1118 1463 1178 esse,
1502 1084 1503 1095 '

287 1206 336 1270 ite
362 1206 400 1267 ut
429 1199 511 1265 illud
542 1198 661 1264 festum
692 1197 888 1281 epheborum
916 1199 1084 1282 proprium
1109 1198 1208 1265 fuisse
1236 1203 1461 1284 putaverim,

290 1327 353 1392 quo
375 1304 496 1370 homini
519 1303 558 1369 de
585 1304 665 1386 ipsis
692 1302 857 1387 gymnasio
887 1302 1017 1368 condito
1050 1304 1170 1387 optime
1196 1306 1336 1370 merenti
1359 1327 1457 1389 gra-

290 1414 352 1478 tias
374 1410 543 1475 referrent.
588 1407 713 1485 Quibus
735 1407 882 1474 omnibus
904 1414 1014 1474 tamen
1029 1407 1109 1474 nihil
1130 1411 1304 1491 lucramur,
1332 1433 1457 1496 quum

287 1515 341 1582 ille
363 1516 433 1598 ipse
455 1513 526 1597 quis
548 1511 645 1576 fuerit
667 1531 801 1594 prorsus
825 1511 996 1577 obscurum
1019 1512 1072 1577 sit.

375 1619 505 1684 Summe
543 1616 638 1681 huius
675 1615 832 1701 gymnasii
872 1635 951 1680 oure
990 1635 1101 1699 penes*
1131 1622 1305 1682 cosmeiem
1350 1629 1452 1687 erat.

289 1723 421 1810 (wrm
439 1742 471 1805 p.
487 1722 560 1805 85);
583 1722 674 1787 ouius
697 1737 795 1785 curae
817 1719 996 1802 exemplum
1019 1717 1311 1803 splendidissimum
1335 1725 1452 1792 nobis

287 1827 430 1893 ostendit
462 1828 558 1892 inser.
586 1829 621 1906 12,
655 1828 717 1906 41,
752 1823 809 1890 nbi
840 1823 1006 1907 peribolus
1036 1823 1191 1908 Diogenei
1227 1845 1247 1890 a
1285 1835 1452 1895 cosmeta

285 1933 388 2016 ipsius
410 1929 564 2013 impensis
585 1930 755 1994 restitutus
773 1947 844 1993 esse
866 1929 994 1994 dieitur.
1037 1928 1212 1994 Praetereo
1232 1950 1309 1996 vero
1330 1933 1447 1998 etiam

286 2034 456 2120 peculiaris
479 2032 574 2097 huius
596 2031 753 2116 gymnasii
775 2031 957 2114 praefectus
969 2038 1050 2113 eret,
1073 2034 1128 2116 qui
1150 2033 1236 2098 inter
1252 2036 1445 2118 magistros

284 2137 445 2205 recenseri
467 2135 550 2202 solet
562 2140 594 2199 et
615 2140 780 2218 postremo
798 2143 944 2218 tempore
964 2135 1089 2218 pariter
1110 2139 1209 2219 etque
1224 2135 1272 2201 illi
1293 2160 1442 2207 munere

285 2264 345 2327 per
365 2242 450 2307 vitae
471 2245 598 2322 tempus
619 2239 780 2322 fungitur3
803 2238 889 2322 quod
911 2259 1027 2304 1115551
1044 2239 1244 2324 significetur
1261 2243 1441 2311 vocabulis

285 2346 380 2410 oens
412 2347 468 2408 τοῦ
489 2343 669 2422 Asoysveiov
699 2339 789 2429 (Φιλ.
811 2345 846 2406 A
865 2363 897 2426 p.
923 2345 1209 2410 3111511595.
1234 2349 1307 2412 528.
1339 2353 1376 2410 Β
1397 2371 1438 2433 p.

286 2455 359 2515 430.
393 2451 424 2512 Γ
446 2467 478 2530 p.
502 2447 579 2531 357)
592 2445 625 2528 ⁵).
678 2444 813 2510 Praeter
850 2446 938 2511 huno
973 2447 1071 2511 etiam
1104 2447 1186 2514 alter
1219 2449 1345 2516 accedit
1375 2452 1439 2516 ἐπὶ

285 2555 466 2631 Διογενείου
488 2547 718 2634 κεστροφύλαξ.
749 2549 823 2613 Ost.
845 2553 876 2614 Γ
900 2571 932 2634 p.
957 2553 1038 2632 555,
1070 2552 1126 2635 qui
1157 2553 1296 2619 ministri
1317 2554 1434 2623 locum

283 2658 426 2724 tenuisse
447 2654 584 2720 videtur.

370 2760 408 2825 In
433 2759 494 2824 hoo
516 2758 682 2842 gymnasio
711 2757 915 2840 potissimum
937 2759 1183 2824 exercitationes
1206 2762 1433 2844 gymnasticae

283 2848 387 2932 fectae
410 2884 480 2931 esse
501 2861 666 2944 videntum
688 2863 919 2946 imperatorum
941 2883 1016 2928 vero
1038 2863 1256 2930 Romanorum
1278 2869 1433 2949 tempore

283 2976 371 3036 certe
393 2970 491 3034 etiam
512 2965 638 3033 scholas
662 2965 819 3050 quasdam
840 2987 906 3030 non
928 2966 1057 3049 quidem
1079 2967 1344 3052 philosophorum
1365 2971 1428 3036 sed

284 3073 421 3139 aliorum
448 3070 612 3134 hominum
641 3068 808 3134 doctorum
835 3067 965 3134 habites
1006 3091 1076 3137 esse
1109 3071 1309 3137 demonstrat
1337 3073 1427 3140 Plut.

284 3179 423 3262 quaesti.
447 3195 568 3258 sympp.
591 3171 647 3252 IX,
676 3178 710 3252 1,
738 3177 772 3252 1,
800 3171 1132 3262 5510511151ἕντῷ
1154 3181 1322 3263 Διογενείῳ
1346 3180 1429 3244 1511·

282 3279 422 3348 bendum
443 3297 513 3344 esse
535 3274 644 3342 docuit
667 3277 709 3361 (v.
731 3295 801 3359 cop.
824 3275 856 3341 11
879 3281 908 3359 ξ.
935 3282 963 3357 1,
988 3279 1032 3360 2).

807 3465 834 3549 5.
859 3469 888 3528 1.

691 3605 732 3658 De
749 3605 890 3660 literarum
908 3605 1012 3662 studiis.

366 3711 560 3795 Magnopere
593 3705 767 3776 dolendum
798 3715 865 3793 est,
895 3711 981 3796 qnod
1009 3712 1049 3778 de
1078 3713 1136 3794 iis,
1166 3727 1257 3798 'quae
1293 3716 1426 3798 publico

279 3854 487 3868 nnn—Q.-

352 3915 379 3984 5)
396 3913 457 3969 Alis
481 3914 589 3969 videtur
612 3913 682 3968 ratio
706 3927 765 3967 esse
788 3914 920 3970 formulae
942 3917 970 3968 ci
993 3917 1072 3987 napi
1095 3916 1127 3970 15
1149 3919 1301 3987 Διογένειαν
1327 3917 1369 3987 (O.
1393 3921 1421 3975 J.

281 4001 328 4058 (11.
346 4003 399 4056 417
419 4002 475 4072 at).
510 4003 581 4057 Nam
606 4017 690 4070 quum
707 4015 815 4070 semper
837 4003 936 4072 plurali
952 4021 1065 4060 nomem
1083 4006 1202 4077 dicetur,
1228 4007 1311 4062 etism
1328 4007 1376 4062 ubi
1392 4009 1423 4063 in

279 4091 376 4146 eodem
392 4090 473 4145 titulo
490 4107 559 4145 nnus
581 4094 689 4144 tantum
706 4088 750 4142 ene
767 4089 812 4142 155
829 4095 980 4162 Asoysvss'oo
998 4100 1153 4149 recensetur
1171 4094 1243 4162 (Φιλ.
1261 4103 1285 4147 Β
1302 4113 1331 4164 p.
1348 4098 1421 4166 490),

278 4195 414 4250 quomque
429 4178 498 4250 Ἀρχ.
517 4181 561 4249 tp.
578 4195 638 4249 περ.
657 4187 681 4232 Β
698 4176 744 4261 sip.
765 4183 816 4235 199
836 4181 879 4235 bis
896 4180 933 4250 (v.
951 4185 995 4238 61.
1014 4186 1060 4253 91)
1077 4184 1209 4253 seriptum
1229 4183 1266 4239 sit
1282 4182 1343 4244 τούς
1359 4185 1421 4253 igi-
1503 4183 1504 4242 i

278 4275 345 4336 ρους
361 4266 409 4321 καὶ
425 4267 485 4328 ruric
501 4269 563 4337 napi
579 4265 607 4320 ri
625 4273 777 4337 Aroytrssor
794 4267 942 4333 πάντας,
967 4271 1020 4325 hoo
1038 4272 1147 4326 nomine
1166 4289 1260 4326 omnes
1276 4273 1432 4344 magistros
1503 4269 1504 4322 i

277 4356 319 4409 rei
341 4357 525 4425 gymnasticae
552 4356 598 4424 qui
622 4357 651 4410 in
675 4357 815 4425 Diogeneo
840 4358 949 4413 iuvenes
976 4359 1168 4431 instituebant,
1195 4361 1309 4416 fortasse
1339 4363 1419 4418 etiam
1503 4345 1504 4364 E

279 4444 496 4515 gymnasiarchos
517 4445 635 4514 aliosque
654 4445 682 4498 id
701 4461 785 4515 genus
804 4449 999 4517 comprehendi
1017 4453 1092 4518 puto.
