3082 5076
828 419 868 482 22

277 589 327 654 bis
351 589 572 656 excederent.“
617 589 759 672 Deinde,
782 611 879 684 quum
902 596 971 655 tam
992 593 1143 656 accurate
1165 587 1292 653 dicatur
1313 587 1347 653 in
1369 587 1421 653 his

223 692 225 702 '
276 694 380 759 titulis
403 694 443 761 de
465 695 581 779 prioris
606 695 681 760 anni
704 694 844 778 ephebis,
869 717 925 760 cur
948 716 987 759 ne
1009 695 1108 760 verbo
1130 694 1260 778 quidem
1283 707 1420 760 comme·

277 805 444 862 morantur
465 799 531 880 illi,
565 800 620 882 qui
655 800 828 864 secundum
860 799 1015 884 ephebiae
1038 819 1157 864 annum
1180 799 1307 882 agunt?
1350 798 1419 864 Imo

277 903 339 967 illis
373 904 579 987 obponuntur
609 901 640 965 oi
661 903 696 979 ἐξ
717 903 851 988 ἐφήβων
878 904 927 968 101
950 904 982 968 oi
1011 902 1078 967 ἔνοι
1098 903 1233 989 ἔφηβοι,
1261 903 1282 967 i.
1305 924 1333 968 e.
1363 903 1421 987 qui

278 1007 442 1090 superiore
465 1029 549 1072 anno
573 1009 687 1090 ephebi
710 1009 854 1086 suerunt,
878 1008 1044 1074 nunciam
1067 1029 1132 1073 non
1161 1015 1237 1074 sunt
1265 1009 1375 1096 (inscr.
1402 1012 1418 1072 l

277 1136 304 1174 1.
332 1112 396 1199 10).
443 1112 565 1189 Quibus
589 1112 736 1178 omnibus
767 1112 926 1196 reputatis
947 1112 1085 1196 amplius
1109 1111 1149 1177 de
1172 1112 1300 1178 biennio
1323 1112 1419 1196 ephe-

278 1216 349 1282 biae
373 1216 530 1299 cogitare,
562 1217 594 1282 id
617 1240 689 1281 mea
718 1218 877 1283 sententia
901 1221 986 1282 esset
1017 1216 1146 1284 disertis
1168 1217 1413 1302 inscriptionum

278 1321 471 1386 testimoniis
495 1321 557 1385 vim
581 1322 696 1386 0110110
710 1323 748 1404 ²).

364 1423 436 1489 Jam
466 1446 548 1508 quae
577 1425 671 1489 huius
694 1427 881 1494 mutationis
908 1427 1006 1493 fuerit
1027 1449 1144 1508 causa,
1174 1425 1253 1491 mihi
1274 1447 1338 1491 non
1360 1425 1421 1490 dis·
1500 1423 1528 1486 ’1

278 1528 359 1593 ficile
389 1529 515 1595 videtur
546 1531 716 1612 explicatu.
778 1531 890 1596 Priore
921 1540 1065 1616 tempore
1095 1533 1258 1614 integrum
1281 1529 1420 1594 alterum

279 1630 433 1714 ephebiae
465 1654 582 1698 annum
618 1635 652 1699 in
683 1635 871 1720 περιπολείᾳ
904 1640 1130 1720 consumptum
1165 1656 1236 1726 esse
1270 1633 1420 1700 vidimus.

277 1735 394 1801 Postea
426 1759 499 1802 vero
532 1761 590 1820 per
620 1745 745 1835 partem
774 1747 900 1806 tantum
932 1739 1026 1822 anni,
1059 1759 1193 1821 eamque
1226 1743 1263 1804 ut
1292 1739 1421 1804 videtur

278 1841 357 1906 satis
380 1863 530 1924 parvam,
565 1841 643 1907 fines
671 1849 779 1909 terrae
813 1845 1110 1936 perlustraverunt3
1141 1844 1225 1926 quod
1250 1844 1358 1908 statim
1383 1865 1421 1908 eo

170 1985 174 1992 ·
278 1964 362 2010 anno
384 1947 505 2011 factum
527 1967 616 2027 esse,
650 1947 703 2030 qui
728 1955 803 2030 post
831 1949 935 2031 ipsam
957 1949 1202 2033 inscriptionem
1223 1947 1422 2032 sequebatur

279 2049 397 2134 quique
421 2057 516 2116 antea
538 2051 627 2134 prior
649 2050 804 2134 ephebiae
832 2074 934 2117 annus
956 2053 1080 2133 fuerat,
1116 2053 1204 2118 tituli
1227 2054 1344 2119 docent
1366 2053 1421 2139 (cf.

279 2155 466 2236 00111110.
494 2156 535 2240 1).
596 2156 694 2231 10010
724 2156 827 2221 altero
858 2180 940 2222 anno
973 2179 1037 2224 non
1066 2158 1203 2242 amplius
1237 2180 1318 2242 opus
1350 2179 1423 2224 esse
1527 2151 1528 2194 ³

229 2269 234 2278 '
279 2259 457 2324 videbatur.
517 2259 676 2325 Videntur
711 2263 811 2345 igitur
845 2265 1028 2328 etiamnunc
1068 2261 1327 2345 duodevigesimo
1368 2282 1422 2328 ae·

279 2364 358 2428 tatis
381 2385 464 2428 anno
487 2364 519 2429 iu
544 2365 740 2447 ephebormn
759 2388 929 2432 nnmerum
951 2367 1082 2450 recepti,
1108 2366 1163 2430 sed
1186 2366 1252 2430 iam
1271 2366 1421 2450 proximo

280 2489 363 2534 anno
386 2490 426 2534 ex
449 2490 486 2534 eo
509 2470 633 2534 dimissi
656 2491 742 2553 esse,
776 2472 827 2536 oni
855 2472 1032 2538 sententiae
1061 2471 1209 2554 equidem
1232 2470 1351 2537 Teletis
1373 2471 1422 2537 lo·

280 2594 352 2638 cum
375 2573 460 2656 apud
484 2573 574 2639 Stob.
598 2576 667 2638 flor.
692 2580 742 2656 98,
769 2581 808 2640 72
833 2575 890 2656 ,βξ
905 2576 1038 2660 ἐφήβων
1060 2575 1123 2638 ἐστὶ
1145 2579 1200 2638 καὶ
1222 2573 1282 2659 ἤδη
1303 2576 1424 2639 εἴκοσιν
1526 2579 1527 2626 3

279 2679 382 2742 10011ί
402 2673 600 2744 contrarium
618 2702 688 2746 esse
711 2703 775 2745 non
797 2687 886 2764 puto.
931 2681 1013 2744 Nam
1027 2681 1060 2743 in
1083 2679 1251 2762 scriptore,
1275 2679 1331 2762 qui
1348 2678 1422 2744 rhe-

279 2785 380 2850 torico
404 2784 498 2849 modo
529 2783 726 2864 singularum
754 2792 897 2850 aetatum
926 2785 1093 2849 molestias
1118 2788 1297 2864 enumerat,
1326 2803 1422 2850 nemo

201 2961 203 2968 ,
279 2888 500 2971 mirabitursi
522 2888 618 2969 paulo
640 2890 746 2954 minus
769 2895 921 2954 accurata
934 2888 1087 2972 temporis
1108 2886 1293 2952 definitione
1306 2888 1422 2970 utitur,

279 2993 470 3077 praesertim
506 3014 603 3074 quum
632 2994 729 3056 etiam
760 2994 828 3058 eius
858 2995 989 3058 intersit
1021 3013 1189 3056 numerum
1219 2991 1424 3074 aliquantum

280 3117 488 3181 exaggerare:
524 3118 586 3178 quo
609 3097 712 3160 maior
742 3097 825 3162 enim
850 3105 955 3162 aetate
978 3095 1101 3162 iuvenis
1124 3116 1195 3160 esse
1217 3094 1351 3176 dicitur,
1382 3117 1423 3162 eo

279 3203 383 3268 minus
404 3201 541 3266 molesta
564 3201 620 3264 illa
642 3208 740 3284 atque
762 3202 895 3283 indigua
919 3201 948 3264 ei
970 3199 1103 3264 ferenda
1125 3191 1284 3265 videntur.

364 3305 487 3387 Incepit
509 3310 617 3370 autem
639 3305 693 3369 ille
715 3304 868 3388 ephebiae
892 3327 994 3368 anuos
1017 3325 1037 3368 a
1058 3301 1423 3384 menseBoe'dromione,
1524 3321 1525 3382 3

279 3415 315 3474 ut
329 3409 570 3474 demonstravit
592 3409 770 3474 Boeckhius
795 3409 833 3473 cie
858 3409 928 3491 eph.
952 3409 1044 3473 tiroo.
1068 3430 1099 3492 p.
1123 3413 1164 3473 87
1169 3459 1175 3471 .
1198 3407 1240 3472 ad
1265 3405 1341 3471 (1.1.
1363 3405 1422 3472 Gr.

279 3537 310 3578 n.
335 3517 398 3578 270
410 3513 448 3600 i).
493 3513 575 3577 Nam
598 3534 707 3578 omnes
730 3513 1045 3598 gymnasiarchorum
1072 3517 1311 3578 menstruorum
1334 3516 1423 3577 cata·

280 3659 588 3674 —u--n—b———-—-——-——-

333 3781 336 3794 ¹
351 3771 377 3838 2)
395 3770 490 3838 ltaque
507 3769 558 3822 tali
576 3769 751 3836 distinctioni,
771 3771 917 3846 00011οι001
934 3770 963 3823 in
980 3771 1060 3825 titulo
1077 3770 1143 3824 Chio
1164 3769 1193 3822 0.
1210 3769 1232 3821 1.
1245 3768 1292 3821 Gr.
1310 3785 1337 3820 n.
1351 3771 1426 3824 2214

278 3843 383 3927 (1001101
402 3860 530 3928 νεώτεροι,
549 3859 636 3926 μέσοι,
655 3859 834 3927 spectionem)
852 3859 903 3912 hoc
930 3863 1004 3911 certe
1017 3865 1139 3928 ternpore
1151 3857 1264 3912 Athenis
1281 3857 1356 3911 10000
1367 3873 1427 3910 non

277 3953 327 4004 cst.
363 3949 433 4002 Nam
457 3951 562 4018 nepum
580 3949 650 4007 τάξις
667 3949 775 4015 ἐφήβων
800 3949 829 4001 U.
848 3949 869 4000 1.
889 3949 935 4001 Gr.
955 3953 1016 4015 246,
1035 3965 1115 4017 quem
1140 3946 1297 4000 Kraneiusl
1321 3964 1349 4014 p.
1369 3949 1427 4001 276

277 4055 308 4092 00
326 4036 423 4105 refert,
447 4036 599 4090 Boeckhius
623 4037 891 4090 0011010111010215
917 4037 1110 4106 interpretatus
1130 4040 1171 4088 est
1194 4034 1327 4105 „tertium
1351 4033 1426 4088 ordi-

276 4143 348 4196 nem,
367 4126 413 4193 qui
432 4125 549 4179 estordo
571 4124 764 4195 epheborum“,
784 4125 823 4178 ita
839 4129 870 4178 ut
882 4126 980 4194 ephebi
998 4143 1052 4180 non
1070 4127 1142 4180 inter
1160 4143 1197 4195 se,
1216 4124 1264 4178 sed
1283 4141 1299 4178 a
1315 4123 1426 4179 duobus

275 4233 421 4286 puerorum
438 4215 576 4270 ordinibus
596 4214 806 4283 distinguantur.
843 4215 968 4268 Ceterum
988 4215 1083 4269 Suidae
1102 4216 1194 4268 locum
1219 4213 1251 4280 (e.
1270 4213 1426 4284 01011010)

276 4305 312 4359 ad
328 4305 491 4358 sententiam
510 4320 598 4357 meam
610 4303 644 4356 de
662 4307 786 4371 tempore
805 4302 1017 4358 confirmandam
1028 4303 1159 4366 adhibere
1177 4305 1323 4372 propterea
1339 4301 1427 4373 nolui,

275 4393 338 4462 111110
354 4393 378 4446 10
396 4393 430 4444 dc
449 4392 580 4447 institutis
598 4392 694 4446 Atticis
712 4393 803 4446 dicere
824 4408 879 4445 non
897 4393 1003 4447 videtur
1022 4391 1142 4458 (Boeckh
1160 4392 1180 4445 1.
1198 4392 1218 4446 1.
1235 4409 1263 4460 p.
1281 4393 1337 4460 87).

348 4483 374 4551 3)
392 4481 543 4536 Boeckhius
561 4483 619 4552 ipse
644 4486 740 4552 postea
764 4482 799 4536 ds
825 4498 857 4536 ea
876 4497 905 4535 re
930 4483 1080 4547 dubitavit,
1107 4482 1171 4550 quia
1191 4483 1316 4539 0010111110
1342 4481 1374 4537 F.
1393 4484 1427 4541 A.
