3082 5076
794 329 834 389 28

243 499 389 559 moratur
410 495 480 577 ita,
515 500 552 561 ut
575 517 647 560 cum
668 495 864 580 epheborum
889 497 985 564 rebus
1008 495 1117 580 aliquo
1140 497 1234 562 modo
1256 497 1392 562 coniun-

244 604 314 664 ctus
337 600 380 664 sit
394 601 435 683 ³).
488 599 577 668 Unus
600 601 735 666 Axiochi
766 606 879 666 auctor
913 603 989 686 (367
1012 602 1054 686 A)
1083 600 1123 664 de
1154 599 1276 683 ephebo
1310 601 1393 666 dicit

244 705 309 776 πᾶς
332 701 350 766 d
373 707 429 766 τοῦ
450 707 653 786 μειρακίσκου
685 703 799 786 χρόνος
824 703 907 767 ἐστὶν
935 704 998 767 ὑπὸ
1030 704 1251 808 σιμτγρονιστοῖς
1282 729 1312 767 τε
1335 712 1393 768 καὶ

243 806 299 889 τὴν
328 806 382 870 ἐπὶ
415 809 486 881 τους
523 811 614 882 νέους
649 814 770 892 αἵρεσιν
809 811 861 894 τῆς
893 809 929 885 ἐξ
962 805 1085 894 Ἀρείου
1120 811 1228 888 πάγου
1261 807 1389 893 βουλῆς.

244 910 365 975 Tamen
386 911 508 977 dehac
529 933 581 992 re,
613 933 696 996 quae
711 913 831 996 optime
853 906 1022 983 conveniat
1044 935 1114 980 cnm
1138 936 1177 979 ea
1200 935 1297 998 quam
1310 919 1391 980 tunc

245 1016 359 1090 habuit
383 1017 571 1101 Areopagus
595 1023 767 1101 potestate,
791 1016 940 1083 dubitare
962 1040 1027 1084 non
1049 1018 1134 1083 licat.

330 1125 360 1185 2.
404 1122 453 1186 Ex
476 1122 718 1205 magistratibus
740 1123 937 1206 reipublicae
950 1123 1096 1207 inprimis
1118 1125 1268 1206 strategis
1291 1121 1387 1206 ephe-

245 1224 361 1289 borum
383 1247 461 1292 cura
482 1227 636 1292 mandata
657 1232 738 1292 erat.
783 1227 826 1292 Hi
849 1227 932 1292 enim
954 1228 1059 1310 primo
1078 1228 1148 1293 loco
1170 1227 1388 1305 nominantur,

245 1328 302 1393 ubi
324 1329 363 1395 de
386 1330 579 1414 epheborum
604 1332 775 1415 praesectis
803 1331 921 1396 dicitur
945 1333 996 1416 (2,
1026 1336 1082 1395 61:
1115 1329 1333 1415 παρεχόμενος
1356 1327 1389 1414 (d

245 1434 419 1518 νοσμητὴς)
454 1438 712 1517 πειθαρχοῦντας
741 1445 806 1509 τοῖς
833 1435 1145 1521 παραγγελλομένοις
1182 1433 1250 1498 ὑπό
1273 1457 1304 1497 τε
1325 1436 1391 1497 τῶν

245 1545 424 1626 στρατηγῶν
445 1547 500 1604 καὶ
522 1541 637 1606 ἑαυτοῦ
662 1547 722 1608 ete.
750 1547 776 1626 1,
802 1546 852 1607 38.
877 1547 905 1624 3,
923 1549 974 1607 77.
999 1548 1029 1624 4,
1054 1544 1119 1628 58).
1165 1542 1286 1609 Tamen
1305 1562 1389 1624 quae

244 1644 448 1728 potissimum
477 1646 598 1711 filerint
629 1665 739 1711 eorum
766 1667 900 1712 munera
922 1647 956 1712 in
978 1647 1028 1713 his
1051 1648 1166 1728 rebus,
1201 1668 1264 1713 non
1285 1651 1388 1729 patet,

245 1753 376 1832 praeter
408 1771 518 1815 curam
551 1749 708 1815 honorum
738 1756 900 1816 cosmetae
923 1757 955 1815 et
985 1751 1181 1834 epheborum
1203 1751 1389 1816 renuntian-

246 1852 361 1918 dorum
383 1858 416 1918 et
436 1851 733 1933 inscribendorum,
767 1873 850 1935 quae
871 1853 911 1917 iis
942 1853 1114 1918 infinibus
1142 1854 1311 1919 titulorum
1335 1853 1389 1918 de·

245 1957 394 2022 mandari
418 1957 515 2037 solet,
540 1977 640 2040 quare
670 1955 859 2039 plerumque
873 1957 979 2022 'otiam
994 1959 1171 2041 'impensae
1195 1959 1262 2023 eius
1290 1958 1339 2023 rei
1368 1978 1391 2022 a

247 2066 417 2144 quaestore
449 2061 568 2125 aerarii
596 2059 745 2125 militaris
776 2065 950 2143 erogantur
965 2063 1004 2146 ⁴).
1061 2061 1220 2126 Videntur
1249 2083 1324 2127 vero
1353 2062 1389 2126 in

245 2166 286 2231 iis
307 2166 519 2248 potissimum,
544 2145 626 2249 quae
649 2164 691 2229 ad
714 2185 765 2229 res
786 2164 920 2230 bellicas
942 2167 1149 2249 pertinerent,
1172 2166 1288 2250 ephebi
1304 2172 1389 2231 stra

245 2261 393 2352 tegoruni
413 2268 549 2352 imperio
571 2268 694 2333 subditi
716 2269 830 2349 fuisse3
852 2270 980 2335 unicum
1004 2271 1132 2353 quidem
1144 2271 1238 2335 huius
1260 2273 1389 2355 imperii

246 2372 440 2456 exemplum,
464 2371 549 2454 qued
581 2372 615 2437 in
648 2372 751 2438 titulis
784 2380 1052 2439 commemoratur
1083 2375 1116 2458 (3
1148 2397 1177 2439 v.
1209 2379 1249 2439 37
1272 2397 1320 2459 sq.
1358 2380 1386 2456 l,

248 2481 286 2542 la
310 2499 358 2560 sq.
380 2474 571 2560 ἐποιήσαντο
595 2476 631 2539 δὲ
653 2481 707 2539 καὶ
728 2479 784 2551 τὰς
805 2477 973 2552 καθολκας
989 2483 1043 2540 καὶ
1065 2480 1121 2552 τοὶς
1143 2478 1304 2556 νεωλκλας,
1319 2478 1386 2542 πεν-

245 2587 441 2664 θαρχοῠντες
461 2591 526 2654 τοῖς
547 2580 611 2644 ὑπὸ
634 2585 696 2644 τῶν
708 2586 888 2666 στρατηγῶν
909 2582 1235 2669 παραγγελλομένοις)
1258 2585 1387 2649 adrem

244 2687 416 2751 militarem
438 2685 599 2769 pertinere
621 2687 756 2769 videtur,
779 2708 878 2770 quum
895 2689 964 2753 sine
988 2689 1085 2752 dubio
1100 2687 1139 2752 de
1161 2688 1294 2752 navibus
1318 2686 1385 2752 bel-

245 2793 315 2860 licis
338 2799 463 2877 agatur.
507 2791 681 2856 Praeterea
705 2791 1021 2876 animadvertendum
1048 2797 1098 2855 est
1119 2797 1280 2874 strategos
1304 2783 1386 2856 sem-¹

243 2919 303 2982 per
329 2899 364 2963 in
386 2898 435 2964 his
457 2895 561 2962 titulis
590 2894 710 2978 plurali
733 2915 865 2960 numero
889 2894 1005 2959 efferri.
1056 2895 1140 2958 Nam
1169 2895 1387 2968 Romanorum

244 3002 374 3087 quidem
404 3008 549 3084 tempore
572 3020 655 3064 unus
669 3048 672 3062 .
686 3021 725 3064 ex
747 2999 847 3081 iis,·t
871 3000 923 3064 ἐπὶ
947 3001 984 3063 τὰ
1008 2999 1097 3063 ὅπλα
1120 3000 1295 3086 στρατηγλς,
1319 3021 1385 3065 non

244 3088 376 3172 tantum*
403 3104 542 3188 collegas
571 3125 646 3169 suos
677 3105 822 3187 potentia
850 3105 897 3170 ita
921 3105 1103 3188 superavit,
1134 3111 1171 3170 ut
1192 3105 1245 3170 vix
1266 3104 1383 3188 aliquis

244 3217 374 3294 praeter
395 3231 465 3274 eum
491 3210 619 3274 omnino
642 3216 916 3290 commemoretur,
941 3209 996 3274 sed
1020 3211 1118 3274 etiam
1140 3209 1280 3274 omnium
1307 3209 1384 3274 alio·

244 3338 316 3380 rum
345 3314 593 3398 magistratuum
622 3313 717 3398 longe
738 3313 979 3397 potentissimus
1010 3311 1090 3392 fuit,
1128 3317 1161 3376 et
1180 3319 1311 3396 praeter
1331 3333 1384 3378 res

209 3464 217 3468 -
244 3419 376 3486 bellicas
399 3417 497 3483 etiam
520 3416 601 3483 alias
624 3423 734 3501 partes
746 3416 1020 3483 administrandae
1042 3415 1238 3498 reipublicae
1250 3417 1383 3481 curavit.

244 3524 332 3603 Quae
354 3545 427 3587 cum
448 3522 573 3586 Ahrens
595 3542 626 3604 p.
652 3526 692 3585 47
717 3543 737 3586 a
758 3521 910 3586 Romanis
932 3520 980 3584 ita
1000 3520 1154 3584 instituta
1175 3540 1244 3584 esse
1266 3521 1382 3602 proba·

242 3626 360 3694 bilibus
383 3625 580 3710 argumentis
614 3624 896 3704 demonstraverit,
930 3645 968 3688 ex
990 3625 1030 3689 iis
1055 3645 1137 3708 qnae
1160 3643 1258 3707 supra
1281 3623 1321 3688 de
1343 3626 1383 3688 ti-

315 3865 341 3933 3)
360 3864 430 3918 Nam
449 3865 472 3918 si
489 3867 597 3936 quando
618 3865 751 3935 Areopagi
771 3863 932 3919 auctoritate
951 3869 1087 3918 cosmetae
1105 3866 1194 3917 statua
1211 3861 1334 3932 ponitur,
1354 3869 1384 3916 ut

242 3953 302 4006 ψιλ.
324 3953 346 4002 Α
365 3969 393 4020 p.
412 3955 475 4006 381.
492 3957 546 4009 382
575 3953 648 4021 (nam
668 3950 698 4005 αἱ
723 3953 849 4022 συνέδρια
875 3956 937 4006 sunt
967 3958 1075 4007 senatus
1100 3951 1325 4022 Areopagitanrm
1357 3959 1385 4006 et

242 4044 459 4112 sexcentenum),
486 4043 539 4098 hoe
557 4061 612 4097 non
630 4043 665 4096 ad
682 4041 849 4118 epheborum
866 4059 959 4096 curam
976 4043 1108 4111 pertinet,
1136 4040 1184 4094 sed
1201 4057 1234 4095 eo
1260 4045 1385 4110 tempere

242 4131 353 4186 omnino
371 4134 521 4187 statuarum
540 4132 729 4202 erigendarum
754 4131 860 4185 veniam
878 4132 1035 4200 Areopagus
1057 4131 1121 4186 dare
1140 4129 1246 4184 solebat
1263 4131 1385 4196 (Boeekh
1438 4124 1440 4128 ⁷

243 4219 278 4273 ad
297 4218 327 4274 G.
344 4219 367 4272 Ι.
385 4219 432 4274 Gr.
450 4238 477 4274 n.
497 4225 560 4277 263.
595 4221 699 4276 Ahrens
719 4221 737 4274 l.
756 4221 774 4274 l.
792 4239 820 4289 p.
839 4221 894 4288 36).

314 4309 341 4377 4)
359 4307 447 4378 Rang.
465 4313 517 4364 995
536 4310 603 4365 haee
620 4328 663 4364 res
681 4309 722 4381 rgi'
734 4310 779 4378 (an
798 4308 890 4379 τοῖςῖγ]
908 4308 950 4362 ἐπὶ
968 4309 995 4380 τῇ
1016 4307 1142 4374 διοικήσει
1166 4309 1325 4378 mandatur,
1356 4315 1385 4362 et

241 4397 314 4450 idem
333 4396 383 4450 fuit
401 4397 468 4450 ibid.
485 4401 547 4468 993,
565 4398 612 4451 ubi
630 4415 701 4452 nunc
718 4397 787 4452 nihil
805 4402 926 4468 superest
944 4398 996 4452 nisi
1011 4399 1121 4452 ultimae
1139 4397 1233 4460 literae
1257 4439 1262 4450 .
1284 4438 1290 4451 .
1312 4437 1317 4450 .
1337 4403 1384 4452 ΕΙ.
