3082 5076
713 285 751 345 71

149 473 224 516 rum
261 453 415 534 προαγών
448 451 576 538 (Aesch.
604 451 669 534 III,
706 459 757 519 67.
802 454 967 520 Hermann
1000 454 1022 519 l.
1052 456 1074 520 l.
1109 459 1139 537 §-
1163 461 1222 537 59,
1256 459 1297 538 4).

150 554 279 634 Quibus
295 557 331 621 in
351 577 416 622 une
437 555 533 622 titulo
556 557 714 625 accedunt
731 559 794 625 duo
817 559 882 625 alia
903 560 997 641 festa,
1019 581 1103 644 quae
1125 560 1168 626 ad
1181 559 1300 626 Bacchi

150 660 275 728 cultum
297 662 491 745 pertineant,
519 657 605 744 Ἆρχ.
627 661 681 745 ἐφ.
704 687 773 747 περ.
797 669 829 727 Β
850 663 904 750 α’ρ.
933 669 1005 746 199,
1029 682 1150 749 quuum
1172 666 1300 750 legatur

149 790 179 832 v.
206 771 248 833 58
277 765 459 830 ἐπετέλεσεν
484 765 540 830 τὸν
561 763 675 845 α’γῶνα
696 771 759 831 ταῖν
781 771 981 854 Ληναίων
1011 774 1043 838 et
1075 791 1104 834 v.
1128 773 1170 833 68
1191 769 1300 833 ἐποιέ-

150 870 250 936 λεσαν
281 871 354 945 τοὺς
383 869 580 952 Κύθροος
615 872 651 956 (i.
674 893 701 938 e.
724 873 886 958 Χύτρους,
920 873 1025 939 forma
1045 872 1176 954 Ionica,
1215 895 1299 958 quae

150 978 237 1043 mira
257 977 385 1044 videtur
410 977 446 1041 in
466 975 562 1042 titulo
586 976 719 1062 Attico).
764 977 832 1044 Iam
858 978 899 1043 de
920 979 1097 1045 Athenaeis
1119 977 1208 1057 (ott.
1231 979 1252 1044 l.
1275 979 1297 1043 l.

151 1083 190 1148 (Ι.
213 1083 239 1147 l.
264 1083 321 1148 Gr.
346 1085 419 1146 245.
444 1085 518 1146 283.
543 1084 605 1146 285
629 1081 687 1167 al.)
720 1103 914 1166 magnopere
943 1082 1078 1150 dubium
1100 1090 1167 1164 est,
1189 1089 1299 1149 utrum

151 1189 290 1272 antiqua
321 1188 387 1253 sint
416 1207 458 1252 an
479 1188 658 1253 recentiore
689 1192 834 1270 tempore
862 1187 1024 1253 instituta.
1068 1190 1204 1254 Praeter
1225 1189 1298 1254 illes

149 1291 421 1378 agonothetarum
434 1289 597 1374 catalogos
620 1291 720 1356 etiam
740 1291 775 1355 in
796 1290 893 1356 titulo
917 1312 969 1376 ap.
981 1292 1135 1377 Rangabd
1156 1314 1187 1357 n.
1205 1297 1298 1373 1245,

150 1397 210 1464 ubi
240 1395 394 1480 ἱεροποιοὶ
425 1396 520 1462 huius
549 1394 625 1462 sesti
654 1400 883 1476 recensentur,
916 1401 950 1460 et
980 1396 1067 1480 apud
1097 1397 1302 1463 Athenaeum

149 1501 247 1582 XIII,
280 1505 317 1566 12
340 1499 507 1566 Athenaeo
537 1504 840 1566 commemorantur.
884 1498 934 1564 Ex
962 1522 1025 1584 quo
1048 1502 1205 1568 Athenaei
1226 1503 1299 1568 loeo

151 1612 302 1691 apparet,
326 1627 366 1671 ex
387 1603 534 1671 omnibus
557 1603 801 1670 Atheniensium
830 1603 920 1669 festis
943 1603 1024 1670 haec
1045 1605 1211 1672 Athenaea
1233 1609 1298 1690 pri·

149 1733 241 1779 mum
264 1711 431 1794 dignitatis
450 1708 587 1793 gradum
607 1709 760 1790 tenuisse,
783 1731 921 1793 quocum
940 1709 1021 1776 bene
1043 1713 1191 1777 convenit
1212 1713 1297 1796 quod

151 1837 254 1902 supra
273 1815 410 1880 vidimus
443 1833 540 1896 saepe
572 1818 746 1878 cosmetam
775 1815 882 1898 ipsum
904 1813 999 1880 huius
1029 1815 1106 1882 festi
1127 1815 1299 1901 agonothe-

153 1922 238 1987 siam
269 1921 440 2004 suscipere.
493 1917 601 1995 Quare
631 1938 731 2002 quum
763 1919 943 1986 Boechhius
977 1919 1028 2007 (C.
1050 1920 1075 1985 Ι.
1107 1919 1164 1986 Gr.
1196 1920 1239 1986 ad
1266 1943 1298 1985 n.

154 2026 234 2109 245)
257 2024 407 2090 dubitare
437 2044 473 2089 se
494 2022 629 2105 dixerit,
662 2029 772 2089 utrum
794 2023 875 2090 haec
897 2025 1065 2091 Athenaea
1095 2026 1186 2106 „sint
1216 2045 1299 2108 quae

153 2131 233 2196 olim
259 2128 506 2210 Panathenaea,
540 2148 583 2194 an
604 2127 771 2208 Χαλκετα,
809 2149 893 2212 quae
921 2128 1021 2196 Suida
1050 2135 1182 2195 auctore
1214 2129 1301 2194 dieta

148 2234 316 2318 Ἀθήναια
339 2238 372 2298 et
394 2231 471 2298 olim
492 2233 623 2298 fuerunt
645 2231 816 2320 δημοτελὴς
835 2235 936 2320 tepet,
964 2235 1079 2302 deinde
1100 2239 1230 2300 tantum
1253 2234 1299 2299 fa·

152 2340 288 2406 brorum
315 2375 360 2384 -
386 2361 446 2419 -3
475 2337 533 2404 sed
561 2341 737 2422 potuerunt
768 2343 884 2422 postea
917 2339 1115 2424 splendidius
1146 2339 1301 2404 restituta

153 2447 267 2524 esse‚“
296 2441 376 2506 mihi
405 2441 460 2506 illa
493 2442 653 2508 sententia
689 2441 790 2507 multo
825 2442 1031 2509 verisimilior
1059 2465 1130 2510 esse
1162 2444 1298 2509 videtur.

154 2549 346 2632 Quanquam
369 2548 484 2612 mirum
507 2552 575 2627 est,
589 2567 689 2630 quum
710 2547 745 2612 in
766 2545 830 2612 illis
853 2546 1121 2630 agonothetarum
1143 2547 1299 2631 catalogis

138 2675 282 2738 ,semper
304 2652 492 2737 simpliciter
509 2651 674 2737 Ἀθήναια
696 2653 854 2733 dicantur,
876 2658 986 2718 tamen
1006 2653 1040 2717 in
1063 2651 1136 2716 aliis
1157 2651 1299 2716 eiusdem

154 2758 311 2842 temporis
340 2756 444 2822 titulis
477 2757 576 2823 etiam
599 2757 826 2842 Παναθήναια
854 2757 1097 2823 commemorari
1119 2755 1169 2841 (G.
1192 2754 1217 2818 l.
1242 2755 1298 2820 Gr.

157 2867 231 2929 seo.
266 2865 339 2930 aar.
367 2865 461 2926 roos.
486 2859 558 2947 na.
586 2859 659 2948 ορχ.
683 2864 781 2949 2323)
812 2863 861 2928 ita
897 2867 935 2928 ut
963 2883 1022 2947 ego
1054 2860 1228 2944 aliquando
1258 2859 1299 2924 ae

154 2989 238 3034 novo
268 2967 398 3032 omnino
428 2965 512 3032 festo
546 2971 579 3031 et
609 2987 631 3030 a
651 2966 887 3033 Panathenaeis
922 2967 1048 3032 diverso
1080 2965 1298 3050 cogitaverim.

155 3072 249 3137 Nunc
281 3091 359 3136 vero
389 3068 593 3136 verisimilius
617 3070 696 3136 mihi
727 3077 777 3137 est
799 3093 867 3137 rem
895 3073 942 3137 ita
963 3070 1196 3154 expediendam
1219 3091 1299 3150 esse,

155 3182 194 3242 ut
215 3197 315 3261 quum
338 3173 525 3259 aliquando·
541 3174 670 3258 publice
691 3175 928 3242 Panathenaeis
957 3199 1074 3244 nomen
1100 3199 1194 3244 suum
1215 3178 1299 3244 anti-

137 3281 347 3367 ,quissimum
377 3278 527 3363 (Pausan.
550 3279 645 3361 VIII,
669 3285 707 3362 2,
734 3281 764 3366 l)
796 3278 959 3360 redditum
980 3289 1085 3365 esset,
1109 3288 1234 3364 tamen,
1264 3289 1301 3348 ut

155 3385 228 3452 fieri
250 3384 333 3450 solet
360 3383 395 3447 in
417 3383 574 3448 eiusmodi
603 3383 720 3467 rebus,
757 3387 897 3452 alterum
932 3387 1013 3453 illud
1048 3389 1084 3453 in
1112 3387 1299 3472 quotidiano

157 3509 305 3558 sermone
324 3508 453 3571 semper
470 3488 636 3555 manserit.
672 3488 939 3576 ’Λμφιεροὶων
959 3493 1156 3577 agonotheta
1170 3493 1204 3558 in
1222 3492 1300 3558 duo·

155 3596 218 3663 bus
239 3591 343 3658 titulis
364 3597 417 3666 est
440 3591 532 3674 (nat.
554 3596 590 3656 A
609 3613 641 3677 p.
666 3597 739 3660 519.
768 3597 799 3656 Γ
816 3617 847 3679 p.
873 3599 950 3677 5553
972 3596 1048 3661 festi
1068 3615 1185 3662 nomen
1207 3617 1301 3679 prae·

154 3707 247 3767 terea
277 3699 376 3763 etiam
404 3696 466 3762 tuit
490 3696 563 3762 ert.
586 3702 622 3762 A
640 3720 673 3782 p.
696 3703 758 3764 517
781 3723 812 3765 n.
837 3704 873 3781 3,
906 3701 963 3767 ubi
985 3722 1070 3767 nune
1089 3700 1205 3766 literae
1223 3699 1301 3784 ’Λμ-

156 3827 232 3892 prosp
255 3847 264 3867 .
287 3849 296 3866 .
319 3802 513 3888 supersunt).
561 3802 631 3880 Quo
653 3803 687 3868 in
709 3803 864 3870 vocabulo
887 3825 1083 3889 quamquam
1105 3804 1302 3889 singularem

156 3908 319 3978 scribendi
340 3908 499 3973 rationem
522 3907 696 3992 sculptoris
719 3908 930 3994 neghgentiae
959 3910 1120 3993 imputare
1141 3911 1239 3975 trium
1261 3911 1301 3976 ti-

155 4016 300 4083 tulorum
333 4033 507 4080 consensus
540 4018 648 4094 vetat,
682 4016 791 4078 tamen
821 4015 891 4080 iure
914 4012 1133 4080 Oumanudem
1165 4036 1237 4080 eam
1263 4037 1302 4079 ex

153 4119 383 4204 Ἀμφιαραΐων
404 4117 613 4201 depravatam
645 4117 763 4184 dixisse
786 4123 881 4200 puto,
914 4139 995 4201 quae
1024 4117 1179 4184 solemnia
1202 4119 1302 4201 Oropi

157 4219 435 4307 celebrata,('E‹p.
457 4221 531 4303 αρχ.
553 4241 583 4284 n.
609 4225 706 4304 2558)
737 4221 832 4288 saoile
860 4228 997 4305 possunt
1020 4222 1061 4289 ab
1084 4223 1216 4306 ephebis
1239 4224 1302 4288 fre-

156 4332 316 4412 quentata
348 4344 437 4404 esse,
472 4325 549 4406 quia
579 4343 637 4406 per
658 4324 719 4391 hoo
741 4324 846 4394 totum
868 4327 907 4392 de
931 4349 994 4411 quo
1017 4327 1142 4412 agimus
1175 4333 1302 4413 tempus

157 4433 287 4515 Oropus
310 4427 554 4494 Atheniensium
576 4426 646 4493 luit.
693 4431 836 4515 (Ahrens
858 4432 879 4496 l.
903 4430 924 4495 l.
949 4451 980 4515 p.
1006 4431 1071 4520 60).
