3082 5076
833 313 875 376 30

280 455 418 552 Creator
438 483 591 566 apopulo
608 485 784 564 χειροτονίᾳ
807 483 852 568 (1,
877 487 928 547 33.
953 487 982 562 3,
1006 486 1058 546 69.
1083 485 1113 562 5,
1138 479 1426 564 34);p1iusquam

280 611 395 654 munus
418 588 572 669 suscipit,
606 586 778 669 δοκιμασία
793 589 838 671 5),
871 594 1045 671 postquam
1075 607 1113 650 eo
1145 585 1333 670 perfunctus
1363 588 1425 648 est.

280 691 422 758 εὖθίττατ
445 693 474 757 ei
495 692 680 758 subeundae
697 696 772 758 sunt
794 691 903 776 (insen
924 695 951 770 1,
974 695 1025 756 42.
1050 693 1080 770 2,
1105 694 1157 758 88.
1179 697 1210 771 4,
1233 695 1284 756 61.
1310 693 1339 768 5,
1354 692 1425 767 45).

280 797 413 882 Semper
432 819 515 864 unus
539 801 589 862 est
616 797 640 879 ).

369 919 520 986 Oosmeta
543 940 639 1008 quum
658 939 815 985 summam
838 937 946 986 eurem
970 916 1165 1001 epheborum
1188 916 1333 994 haberet,
1356 917 1428 982 sine

280 1023 379 1090 dubio
402 1017 733 1106 ceteri'magistratus
756 1026 824 1090 eius
846 1023 981 1105 imperio
1007 1021 1129 1086 subditi
1151 1029 1253 1102 erant,
1275 1022 1426 1105 inprimis

280 1128 428 1213 magistri
452 1127 662 1211 epheborum,
686 1149 765 1212 quos
787 1130 856 1212 ipse
878 1126 1017 1211 eligebat
1049 1128 1156 1211 (inser.
1186 1131 1220 1207 l,·
1240 1127 1306 1210 21).
1350 1126 1427 1210 Ipse

280 1254 356 1299 vero
379 1238 412 1297 et
436 1231 642 1316 gymnasticis
670 1229 953 1297 exercitationibus
982 1229 1177 1313 epheborum
1200 1232 1291 1317 (inse.
1316 1236 1346 1313 2,
1370 1237 1425 1296 60.

283 1342 320 1419 3,
345 1338 400 1421 86)
424 1341 456 1400 et
478 1334 741 1420 philosophorum
764 1334 881 1428 scholis
905 1335 957 1418 (2,
982 1336 1038 1419 64)
1060 1335 1208 1417 interest,
1231 1343 1268 1402 ut
1290 1337 1425 1422 diligen·

280 1442 362 1508 tiam
382 1439 510 1531 illorum
541 1446 574 1504 et
596 1441 729 1507 decoros
751 1461 857 1506 mores
879 1440 1050 1505 custodiat.
1095 1440 1219 1506 Deinde
1242 1431 1349 1505 omnia
1372 1462 1426 1506 sa-

282 1545 403 1612 crificia
424 1565 496 1609 cum
525 1544 564 1609 iis
587 1545 665 1610 facit
688 1546 740 1632 (1,
765 1550 815 1609 39.
841 1548 881 1623 2,
905 1549 945 1608 67
969 1544 1031 1632 al),
1065 1545 1099 1610 in
1121 1546 1248 1629 pompis
1270 1547 1427 1612 ducendis

282 1656 336 1741 (2,
360 1655 418 1732 68)
450 1648 581 1734 ephebis
602 1656 747 1734 praeest;
778 1649 916 1732 denique
944 1649 979 1713 in
1007 1649 1263 1733 expeditionibus
1295 1671 1426 1734 quoque
1527 1735 1528 1738 Ἴ

282 1758 493 1842 militaribus,
526 1775 608 1842 quae
628 1753 804 1836 aliquoties
821 1775 880 1836 per
902 1773 1021 1818 annum
1043 1754 1076 1818 in
1098 1753 1178 1818 fines
1200 1760 1308 1819 terrae
1329 1755 1426 1834 fiunt,

280 1866 351 1950 ipse
373 1863 486 1943 adest3
517 1863 587 1946 ipse
621 1879 694 1924 cum
723 1857 856 1942 ephebis
884 1857 1068 1940 Salamina,
1098 1858 1289 1926 Marathona
1326 1868 1361 1926 et
1393 1861 1427 1925 in

282 1969 362 2036 odias
391 1967 518 2033 Atticae
553 1974 661 2030 terrae
691 1963 838 2046 regiones
868 1983 1034 2029 sacrorum
1069 1962 1289 2028 faciendorum
1326 1985 1426 2030 causa

281 2070 497 2157 proficiscitur
519 2069 564 2156 (2,
589 2073 640 2134 66.
663 2072 704 2159 69
728 2089 798 2152 sqq.
824 2071 853 2148 3,
877 2069 935 2152 85)
959 2068 1008 2134 ita
1029 2071 1066 2134 ut
1082 2067 1162 2132 nihil
1182 2068 1249 2134 fere
1271 2068 1312 2133 ab
1328 2069 1427 2152 ephe-

281 2175 420 2242 hiscine
448 2179 589 2268 cosmeta
621 2172 691 2238 fieri
720 2172 790 2238 iure
821 2171 951 2236 dixeris.
1005 2170 1125 2236 Tamen
1146 2172 1181 2236 in
1210 2172 1251 2237 iis
1274 2173 1426 2240 omnibus
1527 2163 1528 2172 ¹

283 2279 410 2363 singula
431 2297 453 2342 a
483 2276 663 2342 minoribus
685 2273 946 2358 magistratibus,
970 2275 1070 2340 veluti
1091 2276 1270 2360 magistris,
1294 2299 1427 2361 gymna-

282 2382 427 2462 siarchiS,
458 2380 674 2464 sophronistis
709 2378 1035 2456 administrabantm·,
1071 2380 1140 2462 ipse
1174 2388 1314 2446 cosmeta
1350 2405 1428 2449 vero

284 2489 391 2556 omnia
418 2483 663 2564 moderabatur,
687 2483 904 2568 prospiciebat
940 2490 977 2548 ut
997 2504 1037 2548 ex
1065 2483 1189 2567 legibus
1223 2493 1256 2551 et
1287 2487 1429 2553 decretis

287 2591 399 2678 populi
429 2590 564 2666 fierent,
605 2588 808 2655 custodiebat
840 2587 980 2672 ephebos
1014 2609 1054 2652 ne
1082 2588 1157 2670 quid
1188 2597 1300 2655 contra
1332 2593 1429 2658 deco-

282 2718 352 2764 rem
373 2701 407 2761 et
428 2716 534 2760 mores
555 2693 709 2761 honestos
731 2694 874 2759 facerent
901 2699 1002 2775 utque
1031 2699 1184 2776 parerent
1202 2697 1376 2779 praesectis
1389 2699 1428 2781 ⁵).

282 2801 404 2884 Inque
427 2796 676 2864 coercendorum
698 2798 895 2880 epheborum
916 2819 1048 2866 munere
1070 2799 1166 2864 etiam
1190 2797 1308 2864 multas
1330 2823 1429 2882 peru-

281 2906 354 2970 niae
385 2902 576 2985 imposuisse
598 2901 726 2966 videtur
747 2903 935 2983 iuvenibus,
969 2923 1164 2986 quamquem
1193 2925 1275 2968 unus
1306 2904 1364 2969 ubi
1385 2907 1430 2971 de

281 3009 344 3074 hac
365 3027 400 3072 re
423 3006 542 3071 dicitur
569 3006 656 3071 locus
681 3006 790 3093 (inscr.
816 3009 845 3087 3,
870 3005 925 3090 80)
953 3012 1021 3070 tam
1053 3004 1224 3072 lacunosus
1248 3014 1296 3074 est
1319 3014 1356 3074 ut
1378 3015 1429 3074 ni·

282 3111 328 3200 hii
348 3109 428 3178 certi
448 3109 487 3174 de
509 3109 549 3173 iis
572 3109 635 3174 dici
657 3111 770 3192 possit.

281 3376 353 3425 tusce
378 3369 455 3439 ‘pueri
483 3385 542 3422 esse
559 3369 679 3438 possint,
702 3372 796 3422 tamen
822 3370 875 3424 hoc
901 3373 1062 3426 vocabulum
1086 3389 1222 3441 nunquam
1246 3374 1285 3429 ite
1302 3380 1429 3445 usurpari

281 3463 386 3530 potest,
406 3462 436 3511 ut
453 3475 486 3511 eo
503 3458 581 3526 pueri
598 3457 633 3512 ab
654 3457 766 3526 ephebis
783 3459 989 3528 distinguantur.
1024 3459 1118 3528 Neque
1132 3479 1199 3532 opus
1224 3468 1266 3517 est
1283 3464 1325 3517 his
1343 3465 1430 3518 artifi-

281 3549 337 3618 ciis,
355 3565 438 3616 quum
456 3547 567 3600 omnino
585 3547 615 3600 in
632 3547 750 3600 lectione
767 3545 819 3598 τῶν
838 3547 908 3599 denir
926 3547 1120 3602 offendendum
1137 3567 1192 3604 non
1203 3568 1261 3606 csse
1273 3553 1429 3608 Boeckhius

281 3636 516 3693 demonstraverit.

352 3727 379 3794 3)
397 3726 468 3779 Nem
491 3724 559 3778 haec
577 3724 692 3780 indicari
713 3725 781 3779 mihi
807 3726 915 3779 videtur
942 3727 1081 3782 vocabulis
1106 3727 1236 3798 κοσμητὴν
1260 3731 1372 3794 καθίστη
1391 3730 1428 3784 ἐκ

280 3814 340 3870 τῶν
358 3814 478 3883 ἄριστα
495 3816 709 3882 βεβιωκότων
726 3815 807 3868 inser.
827 3818 843 3868 2
861 3833 888 3868 v.
907 3819 950 3870 56.

351 3907 378 3973 4)
398 3903 486 3970 Quare
503 3903 635 3972 Rangsbe
660 3921 688 3958 n.
707 3907 778 3958 2354
806 3902 866 3963 roric
882 3904 1034 3975 κοσμη[τὰς]
1062 3906 1244 3978 Νικόφημῂν]
1271 3908 1430 3982 mordffiv]

282 3989 434 4066 Φιλίοττῂν]
454 3988 613 4066 Εὐηγίῌην]
635 3992 687 4046 huo
704 3994 842 4062 pertinere
859 4011 914 4048 non
931 3999 1030 4063 potest.

351 4083 379 4152 ὅ)
398 4082 458 4136 Ηοο
477 4097 559 4150 saepe
576 4082 605 4134 in
623 4082 709 4136 titulis
729 4082 846 4152 dicitur,
874 4084 948 4138 velut
969 4089 982 4138 1
1002 4101 1028 4140 v.
1048 4087 1082 4139 36
1106 4085 1255 4154 προτνοτίθττ
1274 4084 1303 4138 di
1320 4086 1367 4138 τιατ·
1385 4089 1432 4154 τῆς

276 4171 330 4224 τῶν
346 4171 456 4240 incidor
471 4168 608 4235 εὐταξίας(
636 4173 743 4239 quaesi
769 4173 915 4226 contuleris
939 4191 1002 4228 cum
1019 4174 1143 4228 Emtieni
1167 4175 1347 4244 explicatione
1365 4194 1431 4228 κατ,-

278 4259 362 4332 μητὰς
377 4259 437 4320 τοτ’τς
454 4261 497 4324 τῆς
514 4259 565 4312 τῶν
581 4260 692 4329 ἐφήβων
709 4261 830 4321 εὐταξίας
847 4261 1031 4331 προνοοῦντας
1048 4262 1129 4318 facilc
1143 4263 1173 4318 iu
1191 4281 1251 4318 eam
1264 4266 1430 4324 sententiam

277 4350 390 4419 incides,
408 4367 479 4418 eum,
497 4365 577 4417 quem
588 4351 733 4406 Essemus
751 4350 894 4421 exscripsit
905 4351 1037 4407 eiusmodi
1052 4352 1147 4408 titulos
1159 4353 1282 4424 cognitos
1292 4353 1431 4414 habuisse.
