3082 5076
387 1297 393 1318 ,
526 1167 899 1293 1111111111.

131 1381 207 1464 ΒΕ
219 1381 562 1477 EPHEBORUM
578 1385 765 1484 REBUS,
790 1383 1004 1484 QUALES
1018 1385 1249 1470 FUERUN
1251 1386 1282 1468 Τ

146 1511 284 1598 POST
313 1517 662 1603 LIBERTATEM
693 1515 968 1602 cannella
996 1517 1265 1601 EVERSAM.

224 1765 431 1852 Quantopere
460 1774 536 1852 post
568 1791 708 1854 pugnam
738 1771 1013 1837 Chaeroneensein
1040 1767 1283 1834 Atheniensium

136 1867 366 1954 res-publicae
395 1873 585 1938 immutatae
613 1873 698 1955 sint,
730 1881 845 1940 notum
867 1879 930 1940 est:
962 1879 995 1940 at
1015 1873 1077 1938 hac
1105 1873 1282 1938 mutatione

138 1975 238 2040 etiarn
261 1975 415 2060 ephebiae
446 1976 648 2058 institutum,
681 1978 768 2062 quod
792 1984 896 2044 totum
925 1977 967 2042 ad
996 1998 1049 2043 res
1080 1976 1187 2042 civiles
1210 1998 1281 2060 spe·

136 2079 266 2160 stabat,
300 2079 503 2146 vehementer
532 2079 682 2146 affectum
704 2103 774 2147 esse
802 2081 896 2146 facile
927 2081 1127 2166 intelligitur.
1178 2080 1282 2159 Quum

137 2184 224 2248 enim
257 2191 353 2250 antea
379 2184 459 2250 nulli
486 2185 535 2249 rei
562 2185 634 2269 plus
657 2186 848 2253 tribuissent
869 2185 1096 2266 Athenienses,
1128 2206 1224 2270 quam
1244 2189 1283 2251 ut

135 2275 268 2353 iuvenes
289 2309 359 2353 rem
381 2289 552 2355 militarem
578 2313 639 2356 usu
662 2291 839 2371 discerent,
870 2291 937 2355 iam
957 2289 1181 2358 Demosthenis
1205 2296 1282 2356 tem·

134 2412 226 2475 pore,
250 2412 349 2475 quum
369 2391 456 2459 bolla
477 2393 666 2478 plerumque
688 2394 893 2461 mercenariis
915 2393 1071 2460 militibus
1085 2398 1282 2478 gererentur,

136 2495 253 2561 civium
280 2494 399 2566 bellica
426 2498 529 2564 virtus
556 2497 764 2583 languescere
793 2501 907 2583 coepit.
953 2498 1057 2577 Quum
1087 2503 1282 2563 1111111111-

135 2599 268 2685 publica
305 2623 325 2666 a
359 2601 508 2686 Philippo
547 2603 793 2687 Alexandroque
835 2603 987 2682 subacta,
1030 2599 1145 2666 deinde
1178 2600 1281 2684 hahis,

137 2727 222 2790 quae
243 2705 329 2770 inter
351 2727 553 2772 successores
573 2728 684 2773 eorum
702 2713 900 2790 exarserant,
922 2696 985 2771 huc
1006 2704 1082 2770 illuo
1104 2704 1226 2769 iactata
1248 2710 1282 2770 et

137 2830 295 2875 concussa
318 2811 446 2876 omnino
469 2811 519 2875 sui
547 2811 628 2877 iuris
654 2832 724 2878 esse
755 2811 903 2877 desiisset
930 2815 963 2874 et
983 2809 1199 2875 Romanorum
1231 2813 1282 2874 tu·

136 2913 222 2981 telae
244 2935 279 2980 se
300 2915 505 2996 tradidisset,
528 2936 592 2980 non
614 2915 754 3001 amplius
777 2940 857 3001 opus
882 2922 970 2997 erat,
1000 2918 1037 2978 ut
1058 2913 1141 2977 cives
1163 2912 1206 2978 ad
1227 2933 1282 2997 pa-

136 3019 235 3084 triam
258 3017 489 3084 defendendam
511 3020 734 3087 educarentur.
779 3021 885 3100 Quare
899 3037 1093 3104 quamquam
1115 3017 1283 3083 etiamtum

137 3120 255 3206 ephebi
269 3121 406 3188 militum
428 3123 566 3206 speciem
579 3146 658 3208 prae
679 3147 713 3192 11
729 3125 886 3207 ferebant,
908 3142 1103 3209 quamquam
1115 3122 1283 3206 antiquum

137 3225 217 3292 illud
243 3230 365 3309 terram
387 3227 572 3294 circueundi
593 3229 732 3296 officium
755 3232 889 3312 mansit,
914 3248 1107 3314 quamquam
1129 3227 1163 3292 in
1185 3215 1305 3292 armis'

138 3335 172 3396 et
200 3328 299 3394 rebus
330 3329 457 3398 tactieis
487 3333 759 3417 instituebantur,
795 3342 904 3402 tamen
933 3333 1012 3398 haec
1044 3331 1151 3398 omnia
1180 3331 1282 3414 magis

139 3435 182 3500 ad
204 3433 379 3499 ludibrium
401 3435 563 3520 quoddam
587 3443 620 3503 11
640 3440 857 3522 spectaculum
880 3436 1097 3522 magnifieum,
1120 3455 1217 3519 quam
1240 3434 1281 3500 ad

137 3560 233 3606 usum
255 3537 332 3604 belli
352 3539 567 3622 pertinebant.

112 3659 117 3676 ¹
227 3642 298 3720 Quo
319 3643 425 3708 minus
448 3651 557 3711 autem
577 3644 788 3711 Athenienses
811 3645 961 3712 valebant
989 3644 1023 3708 in
1054 3641 1153 3707 rebus
1178 3646 1283 3707 exter·
1328 3683 1329 3688 κ

140 3749 192 3814 nis
214 3753 249 3814 et
269 3747 409 3828 bellicis,
438 3771 476 3816 eo
506 3750 610 3835 magis
633 3749 817 3816 domesticis
839 3749 920 3814 bene
943 3743 1205 3813 administrandis
1229 3766 1283 3811 eos

138 3875 270 3922 vacasse
298 3855 472 3938 putareris.
516 3854 561 3919 Et
588 3875 624 3919 re
652 3873 730 3919 vera
757 3853 906 3918 iuvenum
935 3849 1064 3935 quidem
1094 3840 1283 3931 cofporibus

139 3963 174 4025 et
195 3959 311 4024 animis
335 3956 516 4023 excolendis
539 3963 572 4023 et
596 3955 777 4023 exercendis
792 3957 914 4022 maiore
936 3955 1043 4034 etiam,
1067 3958 1284 4036 quamantea,

138 4083 218 4130 cura
246 4060 374 4147 publice
404 4066 609 4146 prospectum
637 4083 708 4126 esse
734 4055 870 4127 videtur.
914 4059 1104 4141 Quanquam
1129 4055 1229 4139 igitur
1249 4056 1284 4121 id

138 4170 263 4252 ipsum,
287 4166 374 4249 quod
396 4185 435 4230 ea
458 4184 540 4248 quae
562 4170 659 4229 antea
681 4166 881 4250 singulorum
911 4164 1026 4230 civium
1048 4160 1184 4226 arbitrio
1207 4180 1281 4243 per-

141 4271 229 4336 mitti
244 4274 427 4352 potuerant,
450 4288 535 4333 nunc
547 4268 704 4334 institutis
727 4275 759 4334 et
780 4268 905 4352 legibus
927 4264 1155 4332 administrare
1175 4282 1284 4357 neces·

140 4374 261 4440 sarium
283 4375 364 4453 erat,
387 4369 603 4456 aliquomodo
628 4371 795 4454 depravati
809 4372 923 4437 civium
946 4369 1045 4435 animi
1064 4367 1285 4433 testimonium
