3082 5076
707 286 745 344 73

136 451 232 516 Aelio
255 451 420 518 Hadriano
443 452 596 518 archonte
618 453 823 536 compositus,
856 451 912 517 ubi
935 451 1013 517 haec
1035 470 1129 516 sacra
1151 471 1286 516 comme·

136 562 321 621 morantur.
366 558 447 622 item
476 563 685 624 recensentur
710 555 783 620 Φιλ.
806 560 839 620 A
872 579 904 640 p.
929 560 1008 634 384,
1041 576 1134 638 quem
1155 555 1287 620 titulum

135 659 318 726 Abascanti
339 662 549 745 paedotribae
571 681 688 727 nomen
711 661 756 746 (Π
779 662 807 746 ξ.
833 663 866 746 3)
890 660 1123 726 Antoninorum
1146 660 1285 743 tempori

133 763 290 845 vindicat,
314 771 347 831 et
368 771 401 829 B
421 788 452 850 p.
469 771 541 848 428,
565 788 660 850 quem
683 766 794 832 eodem
816 764 883 831 fere
905 771 1050 850 ternpore
1071 765 1284 847 compositum

134 888 210 932 esse
232 866 332 951 paulo
363 890 462 952 supra
483 869 711 935 demonstravi.
758 869 863 948 Quum
884 870 983 952 igitur
1012 872 1086 951 post
1109 867 1284 932 Traianum

134 973 290 1039 instituta
313 993 383 1038 esse
406 981 584 1057 nequeant,
618 974 756 1040 fortasse
778 974 819 1039 de
842 994 880 1039 eo
902 975 972 1057 ipso
995 971 1201 1058 cogitandum
1223 978 1282 1053 est,

135 1075 258 1159 quippe
281 1077 337 1160 qui
361 1075 544 1144 Germanici
567 1079 755 1162 cognomine
782 1099 860 1144 usus
883 1079 926 1144 sit
948 1077 1102 1159 cuiusque
1123 1077 1157 1140 in
1179 1075 1283 1142 hono-

132 1201 205 1246 rem
235 1180 333 1244 etiam
355 1182 450 1266 Argis
480 1201 575 1248 sacra
599 1184 832 1266 supponantur
862 1182 991 1248 nomine
1022 1181 1111 1246 iacta
1142 1181 1207 1244 sint
1231 1178 1281 1262 ((2.

132 1283 158 1346 Ι.
185 1283 241 1350 Gr.
269 1287 375 1369 1186).

226 1394 254 1452 2.
295 1387 467 1474 Ἀδριοίνια
498 1389 587 1475 (wil.
614 1389 635 1454 l.
666 1389 687 1454 l.
717 1393 751 1454 A
778 1411 809 1475 p.
835 1394 897 1454 384
920 1389 960 1454 al.
1007 1388 1041 1454 G.
1070 1387 1095 1454 Ι.
1125 1388 1181 1454 Gr.
1206 1392 1279 1452 246.

133 1498 212 1558 aas.
236 1495 324 1577 aaa).

81 1625 98 1640 ¹
223 1605 252 1665 3.
296 1599 480 1666 'Arandara
510 1597 651 1681 duplicia
682 1614 792 1680 crant,
824 1598 861 1662 dv
893 1600 980 1664 doma
1012 1599 1072 1683 (ita
1094 1597 1193 1662 etiam
1211 1593 1279 1678 Ἐφ.

131 1705 209 1786 ιίρχ.
233 1727 264 1768 n.
279 1705 379 1792 2601)
403 1711 436 1772 et
458 1707 495 1768 ἐν
512 1703 666 1769 Ἐλευσῖνι
690 1704 780 1787 (cat.
802 1704 825 1768 l.
848 1703 868 1770 l.
884 1703 919 1770 Ο.
934 1704 959 1769 Ι.
975 1703 1032 1768 Gr.
1046 1705 1118 1766 248.
1143 1700 1278 1773 asaal.)

129 1809 290 1874 Videntur
312 1808 391 1876 haec
414 1831 507 1878 sacra
529 1810 674 1895 inprimis
698 1810 898 1894 epheborum
913 1808 1048 1892 propria
1069 1805 1178 1886 fuisse,
1202 1805 1279 1888 quia

130 1914 293 1980 Antinous
327 1915 397 1998 ipse
427 1915 615 1999 cognomine
637 1913 757 2000 ἔφηβος
787 1913 970 1994 colebatur,
1004 1911 1093 1976 cuius
1128 1909 1277 1976 sacerdos

129 2043 258 2105 semper
288 2044 306 2086 e
334 2044 466 2088 numero
499 2021 696 2106 epheborum
723 2022 785 2087 fuit
813 2017 930 2108 (ἱερεὺς
954 2017 1124 2085 Ἀντινόου
1150 2015 1276 2100 ἐφήβου

130 2125 206 2190 mat.
228 2133 314 2210 Ap.
339 2131 414 2193 472.
436 2167 481 2178 -
509 2128 587 2194 ibid.
611 2150 643 2212 p.
669 2132 732 2192 384
759 2131 839 2211 I'p.
864 2131 944 2207 444,
975 2125 1033 2191 ubi
1060 2123 1154 2190 simul
1187 2128 1296 2219 utro-⁹
1420 2164 1422 2174 ·

128 2251 266 2314 rumque
289 2231 521 2298 Antmoilorum
554 2232 754 2316 agonotheta
777 2233 851 2316 est).
899 2230 1085 2314 Agebantur
1113 2248 1189 2292 vero
1213 2229 1275 2292 An-

32 2403 44 2410 ,
126 2334 240 2399 tinoiia
262 2335 360 2399 etiam
382 2335 478 2419 Argis
501 2342 533 2401 et
555 2335 739 2401 Mantineae
763 2334 811 2421 (Ο.
834 2336 859 2399 Ι.
884 2335 940 2400 Gr
964 2335 1071 2418 1124).

215 2445 245 2503 4.
286 2437 475 2504 'Amarea
519 2441 612 2508 Hanc
631 2442 769 2507 nominis
790 2440 928 2505 formam
943 2437 1163 2504 omnes·tituli
1181 2455 1274 2519 prae-

125 2543 224 2624 bent;
263 2565 364 2627 quare
397 2545 495 2610 etiam
532 2543 567 2610 C.
589 2545 615 2610 l.
642 2544 697 2610 Gr.
723 2548 785 2608 248
817 2543 919 2609 lectio,
943 2540 1141 2615 ’Arrolrac,
1176 2559 1272 2622 quam

124 2647 307 2714 Boeclrhius
330 2669 348 2713 e
371 2647 512 2716 Grutero
535 2649 637 2730 effert,
663 2670 736 2716 vere
758 2650 793 2714 in
813 2647 921 2732 lapide
942 2647 1051 2726 luisse,
1075 2667 1173 2728 quam
1194 2665 1270 2710 vero

123 2755 162 2819 B.
187 2756 257 2839 ipse
280 2757 412 2840 recepit,
433 2751 647 2822 'Amastrum
670 2758 874 2823 coniecturae
897 2755 1032 2820 alicuius
1046 2774 1085 2820 ex
1107 2751 1271 2838 prioribus

123 2859 303 2926 editoribus
326 2860 437 2927 deberi
458 2861 616 2927 rideatur.
663 2862 795 2952 Tamen,
823 2861 859 2927 id
881 2861 1015 2928 dubium
1036 2865 1101 2924 non
1124 2864 1187 2932 est,
1210 2856 1271 2922 hoc

123 2986 240 3031 nomen
262 2965 303 3032 ab
323 2963 747 3040 'Arruntvorderivandum
769 2989 856 3050 esse;
878 2967 982 3032 forma
1004 2967 1089 3032 enim
1103 2969 1270 3030 contracta

123 3069 303 3154 explicatur
326 3070 455 3155 exlege
477 3071 534 3136 illa
556 3071 713 3140 latissime
735 3078 867 3157 patente
900 3071 1030 3155 linguae
1053 3070 1207 3149 Graecae,
1230 3089 1270 3134 ex
1393 3161 1395 3168 Ι

122 3195 189 3259 qua
211 3174 336 3259 syllaba
357 3176 470 3242 eadem
491 3177 543 3242 bis
571 3178 712 3260 repetita
735 3183 893 3262 quantum
913 3177 985 3242 fieri
1006 3180 1116 3260 potest
1136 3175 1268 3240 vitatur.

121 3279 206 3344 Nam
228 3289 245 3347 ῑ
264 3285 296 3344 et
319 3302 346 3342 ει
369 3279 424 3345 illo
447 3286 591 3365 tempore
615 3282 748 3347 eandem
777 3283 919 3356 vocalem
949 3281 1047 3346 fuisse
1068 3279 1124 3364 qui
1145 3278 1196 3346 vel
1219 3300 1268 3344 se·

120 3382 181 3448 mel
206 3383 384 3465 inspexerit
405 3384 518 3449 titulos
539 3392 719 3470 cognoscet.
765 3385 881 3450 Utrum
903 3406 979 3450 vero
992 3385 1172 3450 Antoninus
1191 3383 1267 3449 Pius
1339 3424 1343 3431 -

121 3509 165 3552 an
194 3486 238 3551 M.
261 3487 410 3553 Aurelius
438 3489 496 3580 sit,
532 3489 583 3554 cui
612 3489 693 3554 haec
725 3510 818 3555 sacra
850 3490 987 3570 fiebant,
1022 3511 1106 3554 nunc
1136 3489 1265 3574 quidem

121 3590 293 3656 diiudicari
321 3613 387 3658 non
418 3598 536 3675 potest.
587 3593 636 3660 De
665 3594 769 3660 literis
791 3593 914 3678 ἔντιμα,
952 3615 1035 3678 quae
1059 3593 1266 3657 (144348.

118 3696 241 3761 duntur
262 3695 336 3760 huic
356 3695 487 3778 nomini,
511 3718 575 3762 non
587 3695 692 3764 habeo
716 3699 794 3783 quid
815 3700 919 3764 dicam
935 3704 1163 3783 praeterquam
1179 3697 1266 3780 quod

118 3821 159 3865 ea
181 3799 415 3865 accuratiorem
436 3799 522 3865 illius
544 3801 620 3866 festi
642 3803 860 3869 definitionem
882 3803 1124 3888 praepositione
1145 3802 1198 3866 ἐπὶ
1212 3823 1264 3866 ex·

117 3925 265 3988 pressam
289 3904 454 3972 continere
477 3911 625 3989 apertum
649 3914 708 3972 est.

205 4013 236 4074 5.
283 4007 445 4092 Κομόδεια
477 4009 513 4076 G.
535 4012 560 4077 I.
591 4013 648 4078 Gr.
672 4017 746 4078 248.
770 4018 843 4079 249.
880 4012 953 4078 mit.
991 4015 1073 4098 Pp.
1098 4016 1171 4076 217.
1192 4009 1262 4093 Ἐφ.

120 4112 314 4199 apracor.
861 4163 864 4172 ,

204 4225 234 4283 6.
281 4218 437 4303 §sappam
471 4219 505 4285 0.
529 4222 553 4286 Ι.
578 4222 633 4287 Gr.
662 4227 725 4286 248
757 4223 831 4289 caat.
861 4226 890 4286 Γ
908 4246 939 4308 p.
964 4227 1048 4304 2773
1076 4217 1201 4304 μεγάλα
1224 4225 1262 4285 Σ.

115 4327 268 4392 dicuntur
286 4323 354 4409 Ἔφ.
378 4322 450 4408 dex.
473 4330 568 4392 2831.
615 4327 707 4406 Quod
740 4328 880 4396 fortasse
913 4329 1061 4396 similiter
1098 4333 1196 4412 atque
1227 4327 1261 4391 in

113 4429 353 4515 antiquioribus
367 4430 569 4512 quibusdam
593 4435 693 4498 sacris
717 4434 838 4500 indicat
861 4455 988 4520 semper
1009 4440 1096 4500 certo
1120 4431 1279 4516 quodam¹
