3082 5076
824 326 863 388 10

165 476 171 487 '
266 513 328 576 quo
350 491 506 576 ephebiae
528 495 576 562 vis
599 500 632 562 et
659 502 778 564 natura
799 515 839 562 ec
860 494 939 577 fuit,
962 495 1139 564 utiuvenes
1162 498 1268 564 omnia
1283 497 1414 582 quidem

265 597 337 662 iura
359 601 393 662 et
414 597 520 664 officia
532 600 648 666 civium
668 602 703 667 in
725 622 761 696 se
777 601 985 686 susciperent,
1009 601 1067 666 sed
1082 606 1192 668 tamen
1213 602 1308 668 uteie
1330 601 1414 667 bene

264 701 314 768 uti
335 701 509 785 discerent,
545 725 610 770 non
636 706 748 772 statim
769 705 881 772 eodem
903 726 967 790 quo
997 707 1096 772 ceteri
1117 707 1201 774 cives
1222 706 1293 774 loco
1314 705 1415 772 habe-

264 810 392 872 rentur:
412 807 510 873 immo
532 809 768 893 sapientissime
789 809 956 895 legislator
976 809 1056 876 illud
1086 811 1250 878 biennium
1270 811 1414 895 intexpo·

267 909 340 994 suit,
364 932 427 996 quo
449 912 497 977 ita
507 920 737 981 'exercerentur
754 920 786 982 et
797 916 1054 998 instituerentur,
1076 921 1123 997 ut,
1147 937 1246 1002 quum
1259 915 1414 1000 vigesimo

268 1016 386 1082 aetatis
408 1037 493 1083 anno
516 1012 556 1083 'ex
576 1018 708 1104 ephebis
737 1020 927 1087 excederent
935 1021 964 1105 ⁷)
988 1020 1054 1086 iam
1084 1021 1204 1105 optime
1233 1019 1341 1105 parati
1363 1040 1414 1085 es·

267 1126 340 1186 sent
361 1121 403 1186 ad
421 1122 542 1188 omnia
562 1122 719 1191 bonorum
734 1126 852 1192 civium
867 1128 900 1191 et
919 1129 1125 1191 strenuorum
1145 1124 1284 1192 militum
1306 1122 1416 1190 officia
1524 1199 1525 1208 χ

265 1224 442 1292 subeunda.
1313 1239 1331 1250 ‘

796 1417 824 1502 e.
848 1421 878 1482 2.

350 1537 419 1608 Iam
439 1539 566 1624 singub
588 1538 762 1607 videamus.
806 1541 949 1608 Primum
970 1541 1137 1626 inscriptio
1158 1541 1193 1607 in
1214 1539 1343 1609 tabulas
1363 1537 1414 1604 le-

267 1644 446 1710 xiarchicas
475 1643 606 1709 maximi
636 1645 791 1710 momenti
818 1652 889 1712 erat
917 1646 952 1712 in
983 1647 1118 1729 privato
1148 1645 1299 1710 iuvenum
1330 1643 1413 1722 iure,

268 1772 366 1834 quum
388 1751 444 1835 qui
465 1754 560 1815 antea
581 1749 615 1815 in
642 1750 752 1833 patria
771 1755 934 1834 potestate
964 1750 1111 1832 suerunt,
1146 1756 1225 1816 tuno
1253 1748 1303 1814 sui
1332 1745 1415 1812 iuris

266 1855 434 1941 fierent⁸):
464 1843 537 1919 orbi
562 1875 638 1919 vero
671 1875 769 1940 quum
800 1876 840 1920 ex
861 1861 1007 1922 tutorum
1026 1859 1189 1940 potestate
1211 1851 1414 1932 excederent,

267 1959 362 2025 simul
388 1959 436 2026 rei
468 1958 636 2024 familiaris
671 1960 906 2043 possessionem
936 1965 970 2026 et
1004 1958 1317 2026 administrationem
1348 1955 1414 2040 ipsi

266 2068 493 2147 susceperunt3
525 2062 610 2128 idem
640 2083 680 2128 ex
710 2063 781 2128 iure
803 2064 912 2130 Attico
943 2062 1030 2129 vaiet
1051 2063 1091 2130 de
1123 2063 1198 2130 filiis
1219 2058 1413 2145 ἐπικλήρων,

265 2166 385 2251 quippe
408 2185 490 2250 quae
512 2186 577 2231 non
606 2165 746 2250 amplius
767 2165 950 2233 fruerentur
972 2165 1085 2248 bonis,
1107 2179 1204 2249 quam
1225 2163 1310 2230 fitius
1330 2183 1414 2247 puer

265 2274 361 2336 esset.
406 2269 618 2354 (Testimonia
636 2255 842 2354 ‘scriptorum
870 2270 942 2338 ride
971 2269 1059 2354 apud
1085 2267 1281 2336 Boeckhium
1312 2288 1345 2352 p.
1369 2270 1413 2332 80
1526 2301 1527 2322 ι

265 2377 299 2440 et
321 2371 525 2440 Sohaeferum
547 2395 579 2458 p.
602 2378 645 2439 24
659 2375 733 2460 sq.).

352 2476 460 2542 Etiam
481 2476 610 2561 publica
632 2482 742 2544 autem
762 2477 835 2542 iura
863 2499 936 2544 oum
958 2475 1094 2561 ephebia
1115 2479 1286 2542 coniuncta
1307 2480 1412 2556 erant⁸

264 2581 315 2648 Ita
337 2603 563 2667 nonnunquam
587 2581 674 2665 apud
694 2586 818 2649 veteres
851 2581 1027 2666 scriptores
1053 2579 1189 2666 legimus
1212 2579 1353 2665 ephebos
1374 2579 1414 2644 li·
1527 2635 1528 2652 .

185 2705 192 2710 ’
264 2691 388 2775 turgius
421 2690 633 2774 praestitisse.
672 2688 851 2776 (Demosth.
878 2693 927 2772 18,
950 2693 1024 2754 257.
1047 2692 1099 2774 21,
1125 2689 1210 2774 154).
1253 2688 1355 2754 Porro
1377 2688 1414 2754 in

265 2793 392 2860 iudiciis
422 2814 536 2859 causas
568 2813 665 2877 agere
699 2794 745 2859 eis
770 2791 880 2876 licuit,
912 2799 950 2859 ut
972 2798 1108 2877 apparet
1129 2813 1168 2858 ex
1187 2791 1413 2858 Demosthenis

263 2897 365 2980 ipsius
387 2896 541 2981 exemplo,
565 2896 620 2980 qui
642 2896 753 2962 statim
774 2901 849 2980 post
869 2897 1111 2982 inscriptionem
1133 2902 1258 2963 tutores
1280 2916 1413 2962 accusa-

157 3003 159 3008 ’
262 3002 319 3068 rit.
342 3001 395 3087 (of.
417 3005 586 3085 praeterea
607 3000 681 3086 Lys.
698 3005 747 3083 10,
772 3002 848 3087 bh).
892 3001 1011 3070 Utrum
1032 3007 1141 3068 autem
1163 3002 1261 3068 etiam
1284 3023 1411 3068 summo

264 3103 380 3170 civium
400 3104 583 3170 Atticorum
611 3104 681 3170 iure
713 3104 748 3170 in
781 3105 920 3172 comitiis
951 3104 1078 3174 dicendi
1099 3110 1133 3172 et
1154 3104 1343 3190 suffragium
1363 3105 1379 3170 i
1398 3143 1412 3154 -

263 3208 356 3276 rendi
375 3208 515 3293 praediti
535 3207 656 3274 fuerint
677 3228 786 3290 necne,
821 3209 862 3274 de
883 3207 944 3276 hac
965 3230 1002 3275 re
1022 3209 1109 3274 inter
1129 3208 1274 3275 homines
1297 3208 1412 3275 doctos

262 3333 326 3378 non
360 3313 516 3379 convenit.
560 3311 740 3378 Boeckhius
776 3313 859 3378 enim
891 3334 923 3397 p.
950 3317 991 3378 88
1022 3334 1093 3398 sqq.
1131 3312 1260 3380 omnino
1300 3318 1410 3398 negat,

261 3557 422 3630 κιμάζισθαι
439 3559 495 3626 (aut
515 3561 603 3614 solum
627 3564 674 3616 aut
700 3560 801 3616 additis
819 3560 908 3631 ἄνδρα
925 3562 996 3614 eloco
1014 3562 1058 3618 vel
1073 3563 1110 3622 εἰς
1128 3561 1242 3634 ἄνδρας)
1262 3562 1350 3634 ἄνδρα
1369 3568 1414 3636 γλ-

260 3652 383 3719 γνταθαι,
400 3648 515 3708 ἐξελθεῖν
533 3647 577 3704 vel
594 3646 804 3703 ἀπαλλάττεσθαι
822 3651 850 3702 λιι
868 3650 983 3703 παίδων.

336 3738 363 3808 7)
381 3737 409 3797 ἐξ
427 3735 534 3805 ἐφήβων
551 3739 696 3808 γίγνεσθαι
714 3736 794 3805 (Plut.
812 3740 874 3802 [Χ
891 3742 995 3796 or.844
1005 3740 1054 3810 (λ),
1071 3739 1155 3794 ctiam
1172 3741 1199 3802 ἐξ
1217 3741 1324 3812 ἐφήβων
1341 3745 1414 3797 εἶναι

262 3825 363 3881 dicitur
381 3823 470 3907 (Telos
487 3843 532 3896 ap.
552 3826 629 3882 Stob.
645 3827 705 3882 flor.
723 3830 767 3897 98,
786 3823 841 3893 72.)
858 3832 887 3880 et
905 3827 931 3880 ot
948 3828 976 3888 λξ
994 3825 1102 3896 ἐφήβων
1120 3826 1192 3895 (cot.
1210 3837 1272 3902 Pp.
1293 3834 1354 3902 154)
1378 3856 1408 3880 =

263 3915 291 3967 oi
306 3915 362 3966 ἔνοι
380 3915 483 3983 ἔφηβοι.
1178 3971 1183 3978 ,

236 4071 239 4078 ι
334 4003 362 4073 8)
380 4001 434 4058 hoc
461 4003 585 4074 inprimis
611 4004 751 4060 Aeschinis
781 4008 1079 4082 testimoniorum.
1104 4009 1176 4067 effici
1198 4010 1266 4064 mibi
1289 4009 1412 4073 ridetur:
1466 4035 1476 4062 ι

262 4090 370 4146 ἐνταῦθ’
395 4090 410 4143 ὁ
435 4094 582 4165 νομοθέτης
607 4094 683 4148 οὔπω
710 4096 860 4168 διαλέγεται
885 4099 955 4170 αὐτῷ
972 4100 1007 4171 τῷ
1033 4100 1136 4173 σώματι
1153 4100 1199 4154 τοῦ
1216 4101 1323 4162 παιδός,
1342 4097 1413 4152 αλλὰ

261 4185 316 4242 τοῖς
331 4180 393 4252 mei
410 4180 454 4234 τὸν
472 4183 567 4246 παῖδα,
585 4184 679 4255 πατρὶ,
703 4184 824 4258 ἀδελφῷ,
850 4190 896 4241 καλ
920 4186 988 4250 ὅλως
1006 4195 1059 4252 τοῖς
1083 4193 1195 4261 κυρίοις.
1215 4188 1323 4244 ἐπειδὰν
1341 4189 1413 4260 δ’έγ-
1527 4179 1528 4206 ³

261 4269 356 4343 γραφῇ
374 4272 411 4332 ric
428 4270 455 4346 τὸ
474 4272 647 4344 ληξιαρχικὸν
665 4282 852 4348 γραμματεῖον
871 4315 896 4332 ..
916 4277 1000 4334 cirin
1017 4279 1095 4350 ἑτέρῳ
1114 4278 1261 4349 διαλέγεται
1279 4277 1341 4332 ἀλλ’
1362 4278 1412 4344 ἤδη
1527 4293 1528 4362 3

262 4358 341 4430 αὐτῷ,
359 4363 387 4416 et
403 4377 453 4430 per
470 4378 499 4416 se
517 4361 742 4419 consimillimum
761 4371 811 4422 est.
