3082 5076
692 329 732 389 29

134 495 278 561 talorum
309 496 436 562 illorum
471 501 578 562 aetate
612 495 772 580 disputavi
802 499 895 564 iacile
921 507 1073 583 apparet,
1108 521 1165 565 eur
1185 501 1218 564 in
1240 502 1279 566 iis

137 601 238 664 etiam
261 601 439 683 complures
462 606 760 666 commemorentur.
1107 665 1110 675 s

225 702 347 769 Contra
375 706 607 788 imperatorum
645 710 788 790 tempore
823 707 912 772 iilum
943 711 1113 793 στρατηγὸν
1148 708 1202 771 ἐπὶ
1241 712 1279 770 τὰ

135 805 224 871 ὅπλα
246 829 309 872 non
332 813 459 874 tantum
482 809 678 875 militaribus
699 812 869 893 exercitiis,
895 813 949 878 sed
974 811 1120 878 omnibus
1143 811 1279 895 ephebo·

134 933 208 975 rum
230 911 326 976 rebus
349 915 566 997 praepositum
584 913 683 979 fuisse
708 915 829 981 indioat
841 916 1006 983 Plutarchi
1028 917 1117 981 loeus
1140 922 1278 999 quaestt.

134 1037 237 1100 symp.
267 1015 330 1095 IX,
368 1021 401 1097 1,
438 1023 472 1082 1:
501 1017 681 1100 Ἀμμώνιος
705 1017 868 1106 Ἀθήνησι
903 1031 1082 1109 στρατηγῶν
1111 1023 1280 1101 ἀπόδειξιν

134 1118 252 1198 ἔλαβεν
275 1119 311 1182 ἐν
332 1124 374 1204 τῷ
396 1126 564 1207 Διογενείῳ
580 1125 605 1207 5)
637 1127 701 1186 τῶν
729 1126 901 1207 γράμματα
931 1130 985 1189 καὶ
1008 1131 1200 1211 γεωμετρίαν
1227 1135 1280 1191 καὶ

134 1225 173 1285 τὰ
198 1221 348 1306 ῥητορικὰ
371 1231 425 1286 καὶ
445 1227 598 1312 μουσικὴν
619 1229 859 1308 μανθανόντων
880 1229 1021 1315 ἐφήβων.

222 1327 291 1392 Iam
321 1328 360 1393 ad
386 1351 440 1394 eos
463 1332 691 1414 magistratus,
721 1334 775 1417 qui
798 1333 928 1416 proprie
959 1335 999 1400 ad
1027 1337 1204 1410 iuventutis
1226 1359 1279 1402 eu·

131 1452 203 1494 ram
218 1430 311 1496 electi
333 1440 435 1515 erant,
457 1440 589 1500 transeo
599 1435 637 1519 6).

663 1625 691 1709 §-
720 1629 749 1690 2.

612 1760 653 1812 De
671 1757 805 1812 Cosmeta.

224 1879 444 1962 Incipiendum
466 1881 527 1946 erit
550 1881 592 1946 ab
615 1901 653 1947 eo
676 1881 883 1964 magistrata,
915 1879 970 1962 qui
992 1880 1090 1945 etiam
1112 1881 1146 1945 in
1174 1883 1279 1949 titulis

135 2004 265 2066 semper
289 1984 390 2067 primo
417 1983 487 2049 looo
510 1984 643 2050 effertur
672 1991 705 2050 et
727 1984 867 2050 omnium
897 1984 931 2048 in
960 1983 1022 2049 hoo
1050 2005 1167 2067 genere
1196 2007 1279 2052 sum·

134 2109 208 2152 mus
232 2094 265 2152 et
286 2087 531 2153 honestissimus
554 2095 624 2169 est,
655 2096 798 2156 cosmeta
811 2089 847 2173 ¹).
870 2091 1005 2173 -Atque
1027 2097 1077 2156 est
1102 2091 1130 2158 is
1151 2094 1280 2178 quidem

132 2192 346 2275 magistratus
378 2213 521 2273 annuus,
555 2191 589 2256 id
619 2193 703 2275 quod
734 2195 902 2259 etiamtum
923 2196 1059 2277 mansit,
1096 2219 1193 2280 quum
1215 2199 1279 2263 alia

132 2316 286 2377 munera,
316 2297 403 2361 velut
424 2294 672 2379 magistrorum,
703 2297 746 2362 ad
768 2299 853 2363 vitae
874 2303 1002 2381 tempus
1026 2303 1279 2386 sumerentur-²).

208 2533 236 2602 5)
255 2531 298 2586 Ita
316 2533 470 2590 emendavit
487 2537 512 2590 E
532 2536 638 2592 Curtius
656 2539 676 2593 l.
693 2539 713 2592 l.
731 2557 759 2608 p.
779 2541 831 2592 337
850 2538 914 2592 libri
931 2539 1007 2605 ἔλαβε
1025 2537 1058 2606 τῷ
1077 2541 1216 2608 Διογενίιμ.

205 2639 233 2708 6)
250 2637 358 2693 Nomen
375 2643 564 2711 συνάρχοντες,
592 2662 645 2712 quo
662 2661 855 2712 nonnunquam
881 2643 910 2696 hi
935 2661 1028 2697 omnes
1047 2644 1280 2712 comprehendun-

131 2731 186 2798 tur,
204 2745 260 2781 non
277 2733 307 2782 ut
326 2729 437 2797 quidam
455 2731 598 2787 voluerunt
615 2745 665 2803 per
683 2734 848 2803 sepositum
866 2732 915 2786 hos
933 2731 1054 2785 homines
1077 2735 1206 2800 tanquam
1226 2734 1280 2791 eol.

131 2817 238 2887 legium
257 2818 366 2886 aliquod
375 2819 518 2892 signifieat,
536 2822 585 2877 sed
603 2839 719 2893 semper,
738 2822 814 2877 utin
831 2821 965 2875 vocabulo
983 2822 1131 2889 συνέφηβος
1149 2825 1177 2875 et
1195 2821 1281 2876 omni-

131 2907 184 2961 bus
202 2906 323 2959 eiusdem
342 2909 457 2978 generis,
476 2911 587 2966 alieuius
606 2912 733 2980 hominis,
744 2912 819 2965 velut
836 2914 981 2981 cosmetae,
1000 2907 1179 2981 συνάρχοντες
1197 2910 1280 2981 („eol-

133 2994 242 3066 legae“)
261 2996 388 3050 dicuntur
405 2997 517 3064 (Krause
536 3001 548 3053 1
566 3019 594 3070 p.
614 3004 686 3070 217).
722 3001 816 3069 Itaque
834 2998 932 3054 Aeseh.
950 3003 975 3069 2,
996 3004 1047 3055 169
1066 3001 1123 3055 iure
1141 3001 1279 3054 Bekkerus

134 3085 255 3139 restituit
275 3085 415 3156 ἄρχοντας.

208 3193 234 3262 1)
253 3192 312 3245 Hoc
330 3211 445 3265 nomen,
471 3211 524 3262 quo
543 3195 572 3248 in
589 3186 676 3250 titulis
696 3164 944 3263 nihil-frequentius
964 3199 1013 3265 est,
1044 3195 1117 3263 apud
1135 3196 1281 3265 scriptores

134 3280 191 3333 fere
211 3297 342 3348 nusquam
365 3282 509 3336 invenitur.
555 3283 691 3352 Equidem
708 3288 764 3338 tres
782 3288 889 3358 tentum
906 3284 981 3337 loeus
999 3282 1063 3338 novi
1079 3282 1150 3337 Plat.
1168 3283 1280 3338 Axiooh.

134 3372 188 3424 366
207 3369 231 3422 Ε
252 3368 290 3436 (in
307 3370 425 3425 Bekkeri
442 3371 562 3426 editione
580 3389 635 3427 non
653 3377 695 3426 est
712 3371 883 3427 vocabulum:
903 3371 938 3426 de
956 3371 1095 3426 eodieibus
1113 3372 1145 3428 B.
1162 3372 1191 3424 in
1209 3389 1281 3427 eom-

134 3459 274 3512 montariis
301 3460 369 3513 nihil
393 3461 479 3530 dicit).
516 3461 595 3516 Tales
623 3462 696 3532 apud
714 3463 790 3516 Stob.
812 3461 893 3516 florii.
912 3464 959 3530 98,
986 3465 1030 3516 72.
1066 3462 1210 3515 Erotianus
1228 3462 1281 3515 lex.

137 3547 270 3616 Hippoer.
288 3566 314 3602 v.
331 3550 444 3619 Ικόσμον.
529 3539 534 3560 ⁸

207 3653 235 3718 2)
260 3652 348 3720 Quum
370 3654 423 3708 hoe
447 3657 644 3724 permultorum
669 3657 811 3712 titulorum
835 3655 998 3710 testimoniis
1023 3654 1211 3710 confirmatum
1237 3656 1281 3724 sit,

65 3794 69 3799 ,
133 3741 285 3796 Boeokhius
307 3761 389 3811 quam
406 3749 487 3798 antea
510 3751 689 3815 proposuerat
706 3747 906 3812 coniecturam,
927 3745 958 3798 0.
976 3745 999 3798 I.
1017 3745 1065 3800 Gr.
1083 3747 1136 3799 395
1155 3743 1281 3814 (,,κοσμη-
1327 3745 1335 3756 ”

131 3828 174 3895 τῆς
191 3829 243 3882 τῶν
255 3832 328 3883 θεῶν
348 3831 406 3885 διὰ
423 3832 530 3902 μίοοῑι)
543 3836 611 3887 νέων
627 3852 678 3904 pro
693 3834 765 3886 θεῶν
782 3832 956 3887 scribendum
969 3849 1035 3902 esse,
1052 3832 1216 3902 ipsepostea
1232 3833 1282 3886 im·

131 3919 268 3987 probarit.
303 3919 397 3988 Neque
416 3921 484 3975 mihi
499 3923 590 3992 plaeet
607 3923 732 3978 Ahrensii
748 3921 884 3976 sententia
902 3925 939 3990 (p.
958 3921 1003 3989 tt)
1021 3921 1068 3989 qui
1083 3920 1155 3974 huno
1172 3923 1281 3976 titulum

136 4009 165 4061 in
183 4009 336 4078 posteriora
354 4013 479 4079 tempora
493 4014 597 4084 reiicit,
627 4031 661 4068 ex
678 4014 775 4082 quibus
792 4011 898 4065 nullum
922 4011 1033 4065 omnino
1052 4010 1184 4064 derebus
1202 4012 1282 4082 ephe-

59 4105 72 4116 ·
133 4097 231 4152 borum
258 4097 463 4154 Atheniensium
491 4103 569 4156 nobis
595 4107 731 4158 servatum
758 4105 800 4154 est
817 4100 1020 4169 testimonium,
1051 4116 1138 4168 neque
1164 4101 1284 4155 Beutleri

131 4195 171 4262 (p.
191 4189 238 4256 32)
257 4188 304 4255 qui
322 4188 453 4260 κοσμητὴν
472 4191 522 4242 τῶν
540 4193 608 4244 νέων
626 4193 660 4246 ab
680 4192 847 4262 epheborum
865 4194 987 4244 cosmeta
1005 4189 1225 4260 distinguendum
1243 4190 1283 4245 di·

129 4276 184 4346 oit,
206 4276 246 4329 ita
264 4280 294 4330 ut
311 4277 347 4331 sit
364 4297 509 4346 puerorum.
545 4280 617 4335 Nam
635 4287 666 4336 ut
684 4281 819 4348 omittam,
837 4293 918 4348 quam
935 4279 1035 4332 mirum
1054 4283 1137 4347 esset,
1155 4277 1227 4332 huno
1244 4280 1282 4332 al·

128 4373 218 4420 terum
239 4371 387 4420 cosmetam
405 4372 549 4436 praeterea
570 4387 701 4439 nusquam
719 4368 935 4437 commemorari,
963 4369 989 4420 οῑ
1007 4369 1062 4421 νέοι
1089 4367 1209 4436 quamvis
1229 4367 1281 4422 sor-
