3082 5076
651 1185 874 1267 ADDEN
883 1185 979 1266 DA.

333 1403 401 1468 Iam
422 1401 515 1467 initio
538 1401 638 1468 libelli
668 1405 731 1470 mei
753 1403 918 1484 dixeram,
953 1401 1167 1486 Grasbergeri
1196 1406 1395 1466 commenta.

245 1509 366 1573 tionem
399 1507 440 1572 ds
472 1508 576 1573 tribus
604 1509 767 1592 prioribus
796 1509 973 1594 plebiscitis
1008 1528 1092 1592 quae
1128 1506 1171 1572 ad
1193 1505 1393 1589 epheborum

246 1633 299 1676 res
322 1616 470 1694 spectent
493 1633 565 1676 sero
598 1611 639 1676 ad
662 1634 776 1677 manus
805 1634 893 1678 meas
923 1613 1117 1696 pervenisse.
1163 1610 1271 1694 Atque
1294 1632 1395 1694 quum

247 1717 280 1780 in
302 1699 500 1796 universum,
529 1715 564 1780 id
585 1716 671 1800 quod
695 1739 811 1801 magno
835 1740 907 1784 cum
929 1717 1045 1802 gaudio
1067 1715 1227 1797 intellexi,
1261 1715 1327 1780 iere
1353 1715 1394 1779 ds

247 1819 394 1885 omuibus
426 1819 522 1885 rebus
546 1821 714 1886 conveniat
746 1823 832 1887 inter
852 1822 943 1886 illum
975 1829 1007 1886 et
1029 1841 1097 1901 me,
1120 1840 1241 1904 pauca,
1274 1818 1395 1903 quibus

248 1929 304 1988 aut
326 1944 408 2008 quae
432 1945 489 2007 ego
512 1924 627 2007 scripsi
650 1926 791 2008 suppleri
816 1931 848 1990 et
867 1925 984 2008 corrigi
1007 1924 1196 2004 existimem,
1221 1929 1278 1988 aut
1309 1923 1395 2006 quta

249 2039 361 2112 contra
404 2032 494 2097 illum
539 2033 740 2099 defendenda
778 2035 965 2115 videantur,
1006 2034 1059 2099 hic
1102 2032 1230 2097 addam.
1294 2031 1392 2096 Prae·

248 2144 338 2202 terea
360 2135 465 2200 tribus
488 2137 716 2204 recentissimis
737 2138 920 2216 Philistoris
943 2136 1103 2204 fasciculis
1127 2136 1207 2219 (τόμ.
1228 2139 1266 2198 A.
1288 2140 1396 2215 τεῦχος

248 2242 347 2325 2-4)
369 2242 404 2305 in
425 2241 497 2324 ipsa
512 2241 779 2306 commentatione
794 2243 842 2307 uti
856 2263 921 2307 non
942 2242 1052 2325 potui;
1075 2261 1176 2324 quara
1199 2241 1297 2305 etiam
1320 2241 1396 2306 inde

249 2346 402 2428 excerpsi,
426 2365 510 2428 quae
533 2343 668 2410 alicuius
691 2347 844 2411 momenti
867 2367 938 2412 esse
959 2345 1161 2410 riderentur:

335 2448 431 2532 adp.
458 2453 496 2513 17
521 2455 587 2514 not.
614 2453 642 2514 3.
687 2450 757 2517 Vox
787 2454 1050 2534 πρωτέγγραφοι,
1083 2449 1124 2514 ds
1148 2470 1212 2533 qua
1248 2449 1396 2533 equidem

154 2583 157 2591 ·
249 2553 481 2635 dubitaveram,
504 2575 588 2618 nunc
608 2553 727 2638 legitur
748 2556 783 2620 in
804 2555 930 2620 duobus
952 2554 1057 2620 titulis
1071 2575 1182 2618 recens
1206 2553 1302 2618 editis
1323 2552 1396 2616 Φιλ.

250 2665 328 2741 Ap.
356 2663 416 2723 res
441 2665 474 2725 ec
497 2663 560 2724 nso
583 2682 611 2725 v.
636 2664 666 2723 s.

335 2761 378 2827 ad
399 2783 431 2845 p.
458 2766 506 2826 19.
552 2761 611 2844 Iis,
645 2781 727 2844 quae
757 2761 797 2824 de
832 2765 1093 2845 systremmatum
1117 2781 1257 2826 numero
1288 2761 1397 2844 dispu-

250 2867 327 2948 tari,
351 2866 458 2930 favere
480 2887 545 2930 non
566 2864 694 2930 videtur
713 2865 827 2931 titulus
853 2865 926 2928 Φιλ.
950 2872 980 2929 A
1000 2889 1031 2950 p.
1058 2869 1119 2930 168
1141 2887 1189 2930 nr.
1216 2867 1250 2947 3,
1274 2865 1397 2949 quippe

250 2969 305 3035 ubi
329 2971 479 3036 tredecim
501 2971 825 3055 systremmatarchae
848 2976 1085 3037 recenseantur.

339 3074 381 3139 ad
404 3096 436 3159 p.
460 3079 511 3139 24.
556 3074 678 3140 Eodem
701 3075 814 3155 modo,
836 3095 901 3158 quo
924 3075 960 3140 Ο.
983 3077 1008 3140 Ι.
1032 3074 1087 3141 Gr.
1111 3097 1159 3140 nr.
1186 3075 1397 3156 marotiam

253 3177 326 3241 Φιλ.
350 3184 381 3240 A
399 3199 431 3261 p.
457 3181 520 3241 344
543 3178 639 3242 inser.
664 3182 683 3242 2
716 3183 785 3242 tres
807 3183 932 3243 aetates
955 3179 1057 3244 literis
1082 3183 1128 3254 A,
1154 3184 1203 3252 B,
1228 3180 1258 3240 Γ
1276 3178 1398 3262 signifi-

251 3287 387 3364 cantur,
422 3281 479 3346 ssd
508 3279 629 3346 additis
661 3301 787 3364 semper
819 3282 922 3348 literis
951 3285 1044 3351 ΤΑΞ
1053 3336 1060 3363 ,
1094 3284 1115 3347 i.
1140 3303 1166 3347 1.
1199 3281 1318 3358 τάξεως
1347 3283 1398 3346 vel

251 3384 353 3461 τάξιν.
400 3383 470 3462 Quo
492 3384 597 3449 minus
620 3383 753 3449 dubium
777 3405 846 3450 esse
868 3391 994 3469 potest,
1017 3384 1213 3451 Boeckhium
1234 3390 1397 3450 11111111-

252 3489 367 3556 cabula
389 3488 537 3573 πυμάτην
560 3493 592 3554 et
615 3487 743 3574 πρώτην
764 3487 857 3564 τάξιν
879 3490 969 3556 tituli
992 3490 1027 3557 Ο.
1050 3491 1074 3555 I.
1100 3489 1156 3555 Gr.
1173 3494 1235 3554 246
1258 3488 1397 3555 adhaec

252 3599 398 3662 aetatum
419 3593 606 3659 discrimina
628 3593 802 3659 rettulisse.

337 3699 378 3764 ad
412 3721 442 3782 p.
469 3703 520 3763 39.
569 3697 839 3763 Paedotribarum
872 3704 1102 3782 perpetuorum
1134 3698 1282 3783 catalogo
1316 3697 1397 3764 haec

255 3803 479 3889 supplementa
502 3823 541 3868 ex
562 3804 792 3868 recentissimis
814 3803 996 3869 Philistoris
1019 3803 1180 3869 fasciculis
1203 3803 1375 3868 accedunt:

340 3909 452 3973 Aristo
476 3906 663 3989 aphrodisii
685 3894 707 3971 1.
730 3907 946 3972 Rhamnusius
968 3907 1162 3991 paedotriba
1185 3909 1263 3992 (con
1284 3907 1396 3974 addito

255 4011 310 4075 διὰ
332 4013 416 4096 βίου)
439 4016 626 4078 recensetur
650 4008 724 4074 Φιλ.
747 4017 778 4073 Δ
796 4033 827 4094 p.
854 4013 933 4093 3323
956 4012 1014 4077 sed
1036 4012 1122 4096 quod
1145 4012 1397 4096 superscriptum

254 4122 303 4182 est
341 4117 415 4195 huic
451 4116 547 4182 titulo
576 4113 718 4204 »ἀγαθῇ
748 4116 822 4204 τύχῃ
855 4115 1019 4181 Κλαυδίου
1053 4119 1214 4200 Καίσαρος
1247 4120 1398 4198 σεβαστοῦ

254 4213 454 4305 repperisse
478 4222 615 4305 νείκης,“
635 4221 668 4285 id
692 4219 733 4285 ab
757 4221 803 4285 eis
826 4243 909 4304 quae
932 4221 971 4287 de
994 4222 1155 4288 Aristonis
1179 4222 1265 4287 illius
1290 4229 1396 4289 aetate

254 4325 459 4409 exposuimus
489 4324 660 4390 abhorret:
692 4346 792 4409 quare
823 4325 887 4390 duo
911 4325 1053 4391 eiusdem
1082 4328 1219 4393 nominis
1248 4334 1280 4394 et
1314 4328 1396 4394 demi

255 4429 489 4512 paedotribere,
513 4429 650 4495 fortasse
673 4451 752 4496 arus
776 4435 940 4513 atnepos
964 4430 1062 4496 1111111
1085 4432 1242 4497 ridentur.
