3082 5076
819 347 862 408 60

1521 175 1523 286 t

272 517 408 600 phorum
450 512 651 600 aliorumque
689 516 855 582 hominnm
895 515 1062 583 ductorum
1081 557 1085 564 ι
1102 515 1243 584 scholae.
1305 517 1417 598 Atque
1523 563 1524 596 ,

272 622 406 687 Athenis
427 621 556 705 quidam
584 622 719 704 antiquo
740 625 887 704 tempore
914 622 979 686 tria
1006 622 1106 688 fuere.
1119 621 1301 706 gymnasia,
1330 621 1417 686 Aca·
1523 667 1524 704 ,

271 727 394 806 demis,
422 725 575 810 Lyceum,
608 724 808 811 Cynosarges
829 724 861 809 ¹).
906 724 1108 810 Quamquam
1136 726 1250 792 horum
1282 745 1418 810 gymm·
1522 749 1524 794 7

271 831 391 896 sierum
421 829 535 912 cuique
572 834 694 894 certam
722 833 849 912 partem
879 829 995 894 civium
1020 828 1219 896 attributam
1245 828 1344 894 fluisse
1374 849 1419 892 ex

270 935 318 1000 rei
340 937 460 999 natura
487 932 554 997 veri
585 931 688 998 simile
710 933 772 1013 sit,
805 937 914 998 tamen
943 931 984 998 de
1011 951 1051 998 ea
1081 954 1117 1000 re
1149 932 1231 998 nihil
1257 931 1417 1013 traditum,

269 1045 495 1125 praeterquam
525 1037 612 1121 quod
632 1057 735 1120 usque
764 1036 808 1102 ad
828 1035 1052 1104 Themistoclis
1080 1044 1208 1122 tempus
1236 1039 1271 1104 iu
1307 1036 1418 1121 Cyno-
1524 1025 1525 1080 l

270 1163 365 1227 sarge
395 1141 629 1208 exercebantur
652 1139 755 1204 νόθοι·
780 1139 879 1226 (Plut.
902 1141 1011 1207 Pham.
1043 1163 1071 1207 e
1098 1144 1140 1227 1).
1183 1142 1303 1208 Postea
1323 1161 1416 1221 vero,

268 1269 367 1333 quum
388 1265 471 1311 nora
492 1245 703 1311 accessissent
724 1244 899 1329 mancas,
922 1247 1006 1311 eires
1024 1265 1070 1312 ex
1090 1247 1208 1312 aetatis
1226 1244 1415 1312 differentia

268 1351 401 1434 singulis
424 1350 594 1434 gymnasiis
616 1348 768 1416 attributi
790 1369 862 1415 csse
884 1347 1042 1432 videntur,
1064 1351 1113 1416 ita
1134 1356 1173 1416 ut
1192 1349 1315 1416 inuliis
1337 1348 1414 1428 siri,
1525 1429 1526 1446 ᾖ

267 1457 302 1522 iu
324 1455 396 1520 aliis
419 1453 554 1538 ephebi,
586 1454 620 1518 in
643 1453 716 1518 aliis
739 1451 877 1532 ἀγένεια
916 1461 1151 1522 metuerentur.
1195 1454 1304 1533 Quum
1324 1453 1414 1520 euim
1525 1453 1526 1501 ἓ

268 1581 306 1626 eo
327 1561 392 1625 iam
413 1558 446 1623 id
469 1556 586 1624 ducere
610 1558 775 1638 videatur,
804 1558 894 1642 quod·
915 1559 990 1622 Φιλ.
1011 1559 1050 1622 Γ
1068 1580 1100 1643 p;
1128 1563 1191 1624 1¹54
1222 1581 1251 1624 v.
1275 1563 1315 1622 67
1345 1563 1415 1622 τῶν
1525 1559 1526 1587 ³

270 1659 570 1749 scabrescentis
592 1659 732 1727 Avasloo
753 1659 802 1726 ita
830 1668 1121 1730 commemorantur
1143 1666 1180 1727 ut
1203 1659 1245 1727 ab
1275 1659 1414 1744 ephebis

268 1789 324 1834 eos
356 1765 499 1832 diversos
534 1785 605 1830 esse
635 1764 846 1847 accessesit,
878 1765 1015 1850 ideoque
1049 1765 1093 1832 ab
1116 1764 1248 1849 ephebis
1271 1764 1414 1848 Lyceum

266 1871 407 1936 alienius
428 1868 531 1936 fuisse
549 1868 714 1950 rideatur,
743 1874 854 1934 umen
888 1870 1016 1952 gravius
1038 1870 1072 1935 id
1103 1876 1156 1935 est
1175 1872 1413 1953 argumentum,

268 1973 354 2057 quod
375 1973 408 2037 in
431 1971 627 2056 epheborum
647 1971 752 2038 titulis
776 1971 840 2038 duo
863 1972 934 2038 sola
944 1978 1233 2040 commemorantur
1243 1971 1415 2057 gymnasia
1526 1971 1527 1978 ’

267 2079 374 2144 itaut
397 2074 538 2158 ephebos
561 2074 607 2140 ibi
630 2075 827 2141 exercitatos
846 2095 916 2142 esse
939 2085 1111 2162 appareat,
1133 2076 1353 2144 Ptolomaeum
1378 2081 1413 2140 et

267 2182 463 2266 Diogeneum
477 2179 514 2266 ²).

354 2286 572 2352 Ptolemaeum
582 2284 761 2350 Pausanias
773 2285 798 2365 1,
826 2291 874 2365 17,
898 2289 922 2349 2*
940 2307 1041 2370 prope
1062 2287 1166 2352 sorum
1189 2287 1287 2376 situm
1308 2286 1411 2354 luisse

269 2392 358 2474 dicit,
380 2390 467 2456 haud
492 2389 606 2473 procul
628 2409 648 2454 a
669 2389 791 2474 templo
813 2389 948 2473 Thesei3
976 2411 1077 2475 quare
1098 2393 1198 2458 etiam
1219 2390 1302 2456 Plut.
1327 2391 1412 2458 The·
1527 2443 1528 2450 ,

268 2518 342 2562 oeus
373 2516 399 2560 c.
425 2497 483 2574 36,
517 2493 573 2558 ubi
603 2492 644 2557 de
671 2491 795 2560 Theseo
824 2494 944 2560 dicitur
975 2504 1074 2559 setrai
1104 2498 1164 2577 ptr
1194 2494 1231 2558 lv
1259 2497 1339 2583 μέσῃ
1373 2499 1412 2586 τῇ

267 2599 361 2665 πόλει
384 2599 475 2681 παρὰ
497 2598 532 2660 cd
553 2602 615 2660 νῦν
637 2596 824 2679 γυμνάσιον,
848 2598 891 2663 ad
912 2598 974 2666 hoc
987 2599 1191 2682 potissimum
1209 2598 1413 2683 gymnasium

268 2703 437 2770 referenda
458 2701 616 2768 ridentur.
662 2701 761 2786 Atqui
782 2702 907 2768 mediae
929 2703 995 2768 iere
1007 2703 1093 2768 iuter
1114 2702 1323 2786 propylaeum
1335 2703 1413 2770 novi

267 2809 329 2874 feri
351 2814 384 2874 et
406 2806 564 2871 Theseum
584 2805 765 2888 parietinae
787 2806 945 2889 quaedam
973 2808 1124 2872 iuventae
1144 2811 1239 2887 sumt,
1270 2827 1412 2890 quarum

267 2913 373 2978 locum
396 2912 515 2994 optime
537 2931 608 2974 cum
630 2909 687 2975 illa
707 2908 889 2975 Pausaniae
910 2911 1125 2994 descriptione
1148 2909 1315 2976 convenire
1328 2908 1413 2977 vidit

267 3016 407 3082 Leakius
430 3014 566 3098 Tcpogr.
589 3036 621 3096 p.
647 3017 728 3095 188,
761 3020 795 3080 et
815 3014 880 3081 duo
911 3017 978 3080 elia
1007 3017 1138 3100 insuper
1169 3015 1288 3082 adiecit
1313 3035 1413 3099 argu-

267 3125 387 3200 menta,
409 3118 610 3202 gravissima,
633 3123 670 3183 ut
688 3117 769 3184 mibi
788 3118 937 3201 videtur,
958 3119 1077 3204 quibus
1100 3140 1154 3185 aas
1177 3139 1214 3184 re
1236 3139 1311 3184 vera
1332 3119 1413 3186 reli·
1528 3200 1529 3208 ἵ

269 3225 363 3310 quies
389 3222 476 3291 illius
508 3222 665 3306 gymnasii
693 3243 768 3308 ¹esse
797 3223 1058 3306 demonstratum
1097 3223 1218 3309 scilicet
1246 3223 1412 3294 inventum

269 3351 339 3396 esse
358 3327 406 3394 ibi
429 3317 697 3410 subscriptionem
721 3331 850 3393 statuae
872 3327 1008 3393 elioldus
1026 3317 1202 3392 Ptolemaei
1223 3326 1323 3391 lubae
1340 3325 1412 3409 filii,

268 3458 367 3524 quum
388 3435 490 3518 ipsius
517 3433 617 3499 Iubae
650 3438 794 3499 statuam
823 3436 857 3503 in
887 3433 1073 3500 Ptolemaeo
1103 3434 1202 3500 trisse
1229 3433 1412 3500 Pausanias

267 3543 289 3608 l.
307 3541 329 3606 l.
347 3542 508 3618 testetur,
544 3535 660 3601 deinde
694 3559 769 3604 vero
798 3538 897 3603 etiam
919 3541 1116 3604 structuram
1148 3557 1311 3603 murorum
1334 3555 1413 3604 eam

268 3665 359 3724 esse,
383 3662 467 3728 quae
487 3639 745 3706 Ptolemaeorum
766 3640 969 3723 potissimum
991 3645 1137 3725 tempore
1160 3642 1194 3706 iu
1215 3661 1277 3706 usu
1298 3640 1411 3706 fuerit.

267 3749 374 3832 Atque
397 3750 553 3830 quantum
575 3739 704 3828 quidem
734 3761 774 3806 ex
796 3737 991 3808 Gumanudis
1020 3733 1235 3826 descriptione
1262 3740 1352 3828 (mat.
1376 3751 1415 3807 A

341 3957 366 4026 1)
383 3953 460 4011 Haec
474 3950 538 4007 sole
556 3951 639 4006 etism
657 3949 752 4005 suidas
780 3969 802 4005 s.
820 3967 846 4004 s.
864 3949 1018 4022 γυμνάσιον
1035 3949 1124 4019 norb,
1147 3953 1179 4004 ut
1203 3945 1361 4021 plerumque
1380 3951 1413 4004 in

266 4047 310 4100 his
324 4044 406 4099 rebus
432 4039 504 4110 apud
527 4037 733 4108 lexicographos
760 4055 793 4092 es
809 4037 867 4092 sola
884 4037 1063 4107 inveniuntur,
1081 4055 1150 4108 quas
1167 4039 1203 4094 ad
1221 4039 1360 4107 antiquum
1379 4041 1416 4096 li·

266 4137 348 4190 berae
365 4129 531 4200 reipublicae
547 4131 655 4196 tempus
672 4127 835 4196 pertineant

338 4224 366 4292 2)
384 4219 455 4274 Huic
472 4215 622 4271 sententiaa
639 4217 806 4271 conmarium
816 4231 873 4271 nou
889 4219 932 4269 est
943 4214 1019 4283 quod
1036 4213 1136 4284 ephebi
1146 4214 1228 4270 inser.
1241 4218 1293 4270 lv.
1307 4216 1339 4269 19
1349 4231 1416 4286 sqq.

265 4312 365 4368 sobolis
382 4303 605 4378 philosophorum
622 4304 651 4358 iu
669 4304 758 4374 Lyceo
777 4310 805 4359 et
822 4304 970 4361 Academia
986 4303 1086 4358 habitis
1105 4303 1257 4358 interfuisse
1274 4302 1415 4360 dicuutur.

264 4389 336 4458 Nam
353 4397 421 4451 haec
439 4393 473 4448 de
483 4391 652 4446 Academicis
671 4397 698 4446 et
710 4392 907 4463 Peripateticis,
916 4392 965 4462 qui
979 4392 1090 4449 omuino
1100 4407 1208 4462 semper
1221 4392 1251 4446 in
1264 4387 1318 4445 illis
1332 4408 1415 4461 gym-

264 4486 346 4544 nasiis
358 4481 501 4550 docebant,
519 4477 699 4550 intelligenda
716 4486 788 4535 sunt.
816 4504 820 4516 ·
