3082 5076
691 413 729 474 21

136 583 253 642 cantur
271 575 322 661 ¹¹).
377 577 500 643 Deinde
532 600 608 644 vero
640 603 868 668 nonnunquam
897 605 961 650 non
987 586 1027 650 de
1049 586 1191 668 duobus,
1224 587 1277 652 sed

14 718 32 724 -
134 681 177 746 de
219 681 367 765 pluribus
403 683 521 749 dicitur
550 683 600 772 (0.
622 685 647 749 Ι.
671 687 727 752 Gr.
759 691 831 753 273.
866 689 939 752 (Det.
961 693 999 769 Γ)
1017 713 1049 774 p.
1073 696 1136 756 284
1166 689 1197 754 ot
1227 693 1281 756 ἐπὶ

138 785 193 850 Κλ.
205 789 400 869 Χρυσίππου
422 787 536 873 ἔφηβοι
560 789 649 872 φίλοι
672 797 727 854 καὶ
749 794 897 856 uocantem
919 798 1090 874 μείναντες.
1112 801 1142 859 Δ
1162 819 1192 880 p.
1213 799 1278 881 73).

134 890 187 956 Ibi
216 891 318 975 magis
354 893 527 958 universali
550 897 710 961 sententia
741 919 796 962 eos
828 900 1009 982 quilsimul
1038 901 1072 966 in
1094 901 1162 966 acie
1191 908 1280 966 stant

135 995 191 1080 (cf.
215 995 431 1082 παραστάτης)
453 998 504 1068 vel
525 999 756 1066 commilitones
778 1003 938 1086 significat
955 1005 1007 1088 ¹²).
1052 985 1061 995 ¹

224 1098 371 1184 Denique
405 1103 439 1167 in
472 1124 536 1168 uno
567 1104 663 1170 titulo
686 1103 737 1190 (Ο,
759 1106 784 1170 Ι.
809 1105 866 1171 Gr.
891 1108 969 1194 269)
992 1109 1076 1173 inest
1092 1129 1165 1192 ¹von
1187 1124 1279 1169 συν-

133 1204 368 1285 toreama·
382 1207 423 1290 15)
446 1208 525 1272 satis
547 1209 775 1291 memorabilis,
799 1232 897 1294 quum
920 1212 989 1277 sine
1011 1212 1108 1277 dubio
1131 1211 1173 1276 ed
1196 1231 1279 1276 com·

134 1330 250 1377 munes
270 1310 465 1393 epheborum
490 1334 585 1379 cenas
608 1315 781 1398 pertineat,
804 1316 844 1382 de
862 1317 984 1443 puibus
1006 1324 1177 1401 praeterea
1199 1315 1279 1380 nihil

134 1439 264 1484 scimus.

672 1544 699 1628 s.
725 1547 754 1606 2.

224 1660 304 1726 Cum
326 1663 473 1728 omnibus
502 1664 664 1747 prioribus
694 1665 792 1758 etiam
820 1663 999 1736 Boechhius
1031 1665 1085 1751 (ad
1115 1663 1149 1729 Ο.
1172 1664 1198 1728 Ι.
1222 1643 1277 1728 Gr.

133 1789 165 1831 n.
192 1769 269 1850 287)
293 1767 421 1832 iuvenes
442 1768 567 1834 Atticos
598 1768 660 1833 hac
683 1789 810 1852 quoque
840 1773 949 1832 aetate
977 1789 1036 1851 per
1057 1767 1223 1833 biennium
1244 1768 1278 1832 in

135 1870 267 1954 ephebis
289 1871 387 1937 tuisse
409 1873 544 1956 putavit.
590 1872 653 1938 Sed
677 1895 715 1938 ex
737 1873 1001 1956 inscriptionibus
1017 1893 1120 1956 nuper
1140 1856 1277 1937 inventis*

137 1981 289 2057 apparet,
312 1976 378 2040 iam
404 1974 559 2059 ephebiae
581 1982 708 2060 tempus
738 1977 771 2041 in
798 1981 896 2041 101010
929 1999 1047 2042 annum
1076 1982 1277 2042 contractum
1383 1999 1389 2010 ·

134 2099 216 2143 esse.
260 2079 342 2144 Nam
363 2079 503 2162 primum
525 2080 652 2163 quidem
680 2079 769 2145 tituli
792 2101 918 2163 semper
940 2080 979 2146 de
1001 2082 1041 2147 iis
1064 2081 1189 2161 dicunt,
1222 2081 1278 2164 qui

133 2187 223 2247 certo
246 2184 385 2266 quodam
408 2205 492 2249 anno
524 2185 640 2267 ephebi
669 2185 798 2249 suerint.
844 2184 937 2262 Quod
966 2207 1040 2251 vero
1072 2184 1275 2250 Cumanudes

134 2285 226 2371 (m).
256 2291 291 2348 A
309 2308 340 2369 p.
371 2289 425 2371 54)
455 2288 573 2352 statuit
606 2285 637 2350 οἱ
669 2285 899 2372 ἐφηβευσαντες
932 2287 986 2350 ἐπὶ
1124 2291 1277 2375 ἄρχοντος
1324 2287 1329 2294 ’

98 2420 106 2428 ’
132 2391 315 2474 siguificare
331 2412 386 2456 eos
409 2392 464 2475 qui
486 2391 542 2456 illo
556 2391 709 2456 archonte
731 2392 846 2475 ephebi
862 2413 932 2457 esse
954 2394 1141 2476 inceperint,
1160 2397 1274 2461 iameo

65 2501 76 2508 '
132 2496 304 2576 refutetur,
322 2495 408 2580 quod
422 2495 523 2568 multo
545 2496 673 2578 saepius
690 2498 788 2561 etiam
800 2496 903 2561 altere
915 2496 1054 2563 formula
1070 2497 1101 2562 01
1116 2499 1229 2584 ἔφηβοι
1244 2497 1275 2563 ot

131 2602 183 2664 ἐπὶ
206 2647 214 2664 .
239 2649 246 2664 .
270 2647 279 2664 .
302 2649 310 2665 .
332 2601 485 2684 ἄρχοντος
499 2601 669 2667 invenitur.
703 2600 792 2688 (oea.
813 2603 909 2666 inser.
935 2606 949 2665 l
974 2626 1002 2667 1.
1016 2607 1045 2689 5.
1070 2607 1121 2668 25.
1145 2609 1197 2685 47,
1222 2609 1273 2668 53.

134 2711 186 2770 57.
221 2711 239 2771 2
269 2729 297 2770 v.
328 2710 357 2770 6.
390 2711 430 2772 92
459 2706 514 2793 al.)
533 2708 568 2792 ¹).
597 2705 683 2771 -sed
711 2704 828 2771 dixerit
861 2705 996 2789 aliquis,
1026 2707 1077 2772 his
1110 2708 1274 2774 vocabulis

131 2817 288 2894 utrosque
311 2810 501 2894 significari,
531 2817 563 2877 et
586 2833 639 2877 eos
652 2812 713 2894 ,qui
735 2810 790 2874 illo
813 2811 884 2893 ipso
914 2810 1068 2876 archonte
1090 2812 1217 2877 demum
1239 2813 1273 2876 in

131 2915 330 2999 epheborum
351 2937 518 2981 numerum
540 2916 662 2999 recepti
683 2916 763 2994 sint,
800 2919 833 2978 et
855 2914 910 2997 qui
932 2915 998 2979 iam
1020 2914 1157 2982 alterum
1179 2916 1273 3000 ephe·
1353 2979 1355 2986 ,

131 3023 207 3090 biae
229 3045 348 3088 annum
371 3027 479 3106 agant.
531 3021 574 3085 At
596 3019 635 3084 de
657 3018 788 3097 iisdem,
823 3020 878 3102 qui
905 3019 997 3084 initio
1029 3021 1105 3084 anui
1125 3021 1273 3103 inscripti

131 3148 204 3193 esse
235 3127 400 3208 dicuntur,
427 3127 461 3190 in
489 3125 552 3190 fine
585 3125 751 3190 titulorum
778 3123 898 3188 dieitur
927 3122 1140 3209 ,ἐποιήσαντο
1159 3123 1197 3186 δὲ
1219 3125 1274 3207 τὴν

131 3232 303 3309 ἀπόδειξιν
337 3235 373 3320 τῇ
396 3229 498 3320 βουλῇ
522 3226 581 3292 ἐπ’
602 3227 733 3315 ἐξόδῳ
765 3234 832 3315 τῆς
853 3215 1078 3315 ἐφηβείας(
1108 3228 1168 3294 hoc
1198 3249 1273 3293 vero

130 3337 212 3404 nihil
233 3336 321 3402 aliud
344 3333 525 3420 significare
546 3338 652 3416 potest
674 3335 735 3400 nisi
759 3359 857 3420 quum
878 3337 941 3420 ipsi
961 3335 1100 3425 (omues)
1125 3355 1164 3397 ex
1179 3331 1272 3416 ephe-

132 3453 341 3463 -..-——-—-—-

208 3490 250 3558 11)
268 3487 410 3542 Eiusmodi
438 3487 578 3556 complura
595 3487 672 3556 paria
695 3493 870 3542 recensentur
890 3489 1112 3557 c.1.G1-·.2os‚
1139 3504 1154 3540 0
1177 3487 1273 3555 quibus

42 3583 65 3608 '
129 3577 261 3631 nonnulla
293 3575 374 3630 simul
400 3575 515 3630 fratrum
546 3579 618 3630 sunt.
654 3575 760 3631 Eadem
783 3578 811 3632 vi
835 3578 995 3647 accipienda
1023 3581 1065 3631 est
1096 3573 1149 3631 1011
1172 3577 1233 3627 ea.
1253 3581 1276 3626 Γ

128 3687 158 3738 p.
179 3670 233 3720 351
253 3667 399 3733 ἐφηβεύσας
417 3694 452 3704 -
471 3663 612 3734 ἀνέγραψε
630 3665 674 3716 τὸν
693 3668 817 3732 συσιάτην
836 3666 882 3719 καὶ
900 3667 1059 3735 συνέφηβοι

205 3758 249 3825 12)
267 3755 338 3810 Nam
354 3753 486 3808 Boeckhii
502 3753 648 3822 explicatio
667 3755 729 3824 „hic
748 3755 848 3825 ephebi
864 3755 956 3825 plures
973 3772 1054 3824 quam
1075 3755 1128 3808 duo
1153 3753 1275 3805 00011101

127 3849 272 3913 dicuntur,
296 3845 345 3900 sed
365 3844 424 3898 bini
440 3843 548 3913 singula
564 3832 797 3913 perpessionem
817 3845 885 3899 mihi
910 3862 965 3900 nou
992 3842 1137 3908 satisfacit,
1160 3842 1223 3910 quia
1245 3841 1274 3896 id

126 3944 219 4010 ipsum
231 3935 321 4004 aliquo
335 3934 417 3988 modo
427 3933 578 3991 indicatum
588 3933 695 4004 vellem,
711 3934 749 3988 de
763 3934 876 4005 singulis
892 3934 1002 4003 paribus
1012 3931 1188 4002 cogitandum
1207 3949 1275 3986 esse.

205 4027 248 4096 13)
267 4025 342 4078 Haec
361 4023 474 4077 fortasse
499 4021 582 4076 etiam
602 4026 654 4090 Ep.
675 4021 737 4094 ἀρχ.
758 4027 828 4080 2603
853 4022 1020 4078 restituenda
1038 4025 1095 4091 011,
1118 4020 1166 4075 ubi
1184 4038 1274 4089 super·

124 4121 191 4174 sunt
208 4115 305 4170 literae
324 4118 350 4166 Σ
353 4119 446 4164 ΥΝΤΡ
463 4148 471 4164 .
490 4149 497 4163 .
517 4113 697 4181 (συντρόφους
714 4112 851 4184 Pittakis).

205 4207 230 4275 1)
247 4205 335 4258 Multo
353 4202 441 4256 minus
459 4201 541 4256 etiam
565 4201 594 4256 id
612 4202 722 4271 probari
740 4207 845 4273 potest,
873 4201 946 4272 quod
965 4199 1133 4254 Cumanudes
1158 4195 1275 4257 ἐνιαυτὸς

121 4293 292 4356 vocabulum
324 4292 360 4362 {iu
389 4291 430 4346 his
461 4291 547 4346 titulis
578 4291 691 4346 duorum
717 4309 849 4346 annorum
884 4290 1000 4360 spatium
1031 4287 1184 4358 significare
1201 4286 1275 4355 11111,

121 4387 209 4460 quod,
229 4383 323 4437 utalia
340 4381 474 4451 omittam,
492 4381 546 4434 iam
565 4385 709 4450 propterea
727 4399 883 4451 perversum
901 4385 950 4450 eet,
969 4377 1031 4448 quia
1049 4394 1129 4448 saepe
1148 4377 1210 4432 huic
1228 4394 1277 4434 vo-

120 4474 227 4536 cabulo
247 4489 347 4526 nomeu
365 4471 502 4526 archontis
520 4470 630 4526 additur
648 4470 739 4540 (inser.
760 4475 774 4524 1
794 4489 819 4526 1.
840 4474 883 4526 24.
903 4473 920 4523 2
938 4487 965 4523 1.
982 4471 1026 4524 57.
1046 4470 1062 4522 3
1081 4486 1107 4524 1.
1126 4470 1181 4537 70).
