<?xml version="1.0" encoding="UTF-8"?>
<!DOCTYPE html PUBLIC "-//W3C//DTD XHTML 1.0 Transitional//EN"
    "http://www.w3.org/TR/xhtml1/DTD/xhtml1-transitional.dtd">
<html xmlns="http://www.w3.org/1999/xhtml" xml:lang="en" lang="en">
 <head>
  <title>
</title>
<meta http-equiv="Content-Type" content="text/html;charset=utf-8" />
  <meta name='ocr-system' content='tesseract 3.04.00' />
  <meta name='ocr-capabilities' content='ocr_page ocr_carea ocr_par ocr_line ocrx_word'/>
</head>
<body>
  <div class='ocr_page' id='page_1' title='image "./deephebisattici01dittgoog_0064.png"; bbox 0 0 3082 5076; ppageno 0'>
   <div class='ocr_carea' id='block_1_1' title="bbox 682 339 722 402">
    <p class='ocr_par' dir='ltr' id='par_1_1' title="bbox 682 339 722 402">
     <span class='ocr_line' id='line_1_1' title="bbox 682 339 722 402; baseline -0.05 0"><span class='ocrx_word' id='word_1_1' title='bbox 682 339 722 402; x_wconf 79' lang='lat'>53</span> 
     </span>
    </p>
   </div>
   <div class='ocr_carea' id='block_1_2' title="bbox 13 505 1361 3514">
    <p class='ocr_par' dir='ltr' id='par_1_2' title="bbox 13 505 1282 596">
     <span class='ocr_line' id='line_1_2' title="bbox 13 505 1282 596; baseline 0.006 -27"><span class='ocrx_word' id='word_1_2' title='bbox 13 533 104 596; x_wconf 53' lang='lat' dir='ltr'>mpure,</span> <span class='ocrx_word' id='word_1_3' title='bbox 138 505 341 572; x_wconf 82' lang='lat' dir='ltr'>auctoritate</span> <span class='ocrx_word' id='word_1_4' title='bbox 362 505 512 572; x_wconf 87' lang='lat' dir='ltr'>instituta</span> <span class='ocrx_word' id='word_1_5' title='bbox 533 509 627 572; x_wconf 89' lang='lat' dir='ltr'>erant</span> <span class='ocrx_word' id='word_1_6' title='bbox 648 506 690 571; x_wconf 87' lang='lat' dir='ltr'>ad</span> <span class='ocrx_word' id='word_1_7' title='bbox 710 507 833 574; x_wconf 87' lang='lat' dir='ltr'>animos</span> <span class='ocrx_word' id='word_1_8' title='bbox 854 507 1002 575; x_wconf 87' lang='lat' dir='ltr'>iuvenum</span> <span class='ocrx_word' id='word_1_9' title='bbox 1024 508 1204 593; x_wconf 78' lang='lat' dir='ltr'>cognitione</span> <span class='ocrx_word' id='word_1_10' title='bbox 1226 508 1282 576; x_wconf 94' lang='lat' dir='ltr'>bo·</span> 
     </span>
    </p>

    <p class='ocr_par' dir='ltr' id='par_1_3' title="bbox 14 609 1281 703">
     <span class='ocr_line' id='line_1_3' title="bbox 14 609 1281 703; baseline 0.002 -29"><span class='ocrx_word' id='word_1_11' title='bbox 14 641 93 703; x_wconf 66' lang='lat' dir='ltr'>‚qm</span> <span class='ocrx_word' id='word_1_12' title='bbox 137 629 258 676; x_wconf 85' lang='lat' dir='ltr'>narum</span> <span class='ocrx_word' id='word_1_13' title='bbox 279 611 398 676; x_wconf 85' lang='lat' dir='ltr'>artium</span> <span class='ocrx_word' id='word_1_14' title='bbox 419 609 625 692; x_wconf 86' lang='lat' dir='ltr'>imbuendos,</span> <span class='ocrx_word' id='word_1_15' title='bbox 655 610 723 677; x_wconf 84' lang='lat' dir='ltr'>lere</span> <span class='ocrx_word' id='word_1_16' title='bbox 743 611 823 678; x_wconf 91' lang='lat' dir='ltr'>nibil</span> <span class='ocrx_word' id='word_1_17' title='bbox 845 612 888 682; x_wconf 87' lang='lat' dir='ltr'>ad</span> <span class='ocrx_word' id='word_1_18' title='bbox 909 617 1021 678; x_wconf 77' lang='lat' dir='ltr'>nostra</span> <span class='ocrx_word' id='word_1_19' title='bbox 1041 616 1189 695; x_wconf 87' lang='lat' dir='ltr'>tempora</span> <span class='ocrx_word' id='word_1_20' title='bbox 1204 632 1281 695; x_wconf 86' lang='lat' dir='ltr'>per·</span> 
     </span>
    </p>

    <p class='ocr_par' dir='ltr' id='par_1_4' title="bbox 13 713 1361 905">
     <span class='ocr_line' id='line_1_4' title="bbox 13 713 1283 799; baseline 0.003 -21"><span class='ocrx_word' id='word_1_21' title='bbox 13 747 46 790; x_wconf 63' lang='lat' dir='ltr'>pf,</span> <span class='ocrx_word' id='word_1_22' title='bbox 74 727 97 792; x_wconf 60' lang='lat' dir='ltr'>c,</span> <span class='ocrx_word' id='word_1_23' title='bbox 136 713 239 778; x_wconf 85' lang='lat' dir='ltr'>venit.</span> <span class='ocrx_word' id='word_1_24' title='bbox 284 715 368 780; x_wconf 86' lang='lat' dir='ltr'>Nam</span> <span class='ocrx_word' id='word_1_25' title='bbox 389 716 534 799; x_wconf 87' lang='lat' dir='ltr'>quamvis</span> <span class='ocrx_word' id='word_1_26' title='bbox 557 716 623 782; x_wconf 87' lang='lat' dir='ltr'>iem</span> <span class='ocrx_word' id='word_1_27' title='bbox 645 721 741 784; x_wconf 82' lang='lat' dir='ltr'>antea</span> <span class='ocrx_word' id='word_1_28' title='bbox 763 717 948 798; x_wconf 83' lang='lat' dir='ltr'>viderimus,</span> <span class='ocrx_word' id='word_1_29' title='bbox 971 716 1138 784; x_wconf 85' lang='lat' dir='ltr'>literarum</span> <span class='ocrx_word' id='word_1_30' title='bbox 1158 731 1225 785; x_wconf 88' lang='lat' dir='ltr'>non</span> <span class='ocrx_word' id='word_1_31' title='bbox 1245 721 1283 787; x_wconf 85' lang='lat' dir='ltr'>ut</span> 
     </span>
     <span class='ocr_line' id='line_1_5' title="bbox 13 816 1361 905; baseline -0.001 -21"><span class='ocrx_word' id='word_1_32' title='bbox 13 833 94 897; x_wconf 57' lang='lat' dir='ltr'>{inge</span> <span class='ocrx_word' id='word_1_33' title='bbox 135 817 357 902; x_wconf 68' lang='lat' dir='ltr'><strong>gymnasticae</strong></span> <span class='ocrx_word' id='word_1_34' title='bbox 386 824 421 884; x_wconf 88' lang='lat' dir='ltr'>et</span> <span class='ocrx_word' id='word_1_35' title='bbox 453 839 616 888; x_wconf 83' lang='lat' dir='ltr'>armorum</span> <span class='ocrx_word' id='word_1_36' title='bbox 648 819 796 888; x_wconf 89' lang='lat' dir='ltr'>doctores</span> <span class='ocrx_word' id='word_1_37' title='bbox 829 821 957 905; x_wconf 89' lang='lat' dir='ltr'>publice</span> <span class='ocrx_word' id='word_1_38' title='bbox 981 821 1149 890; x_wconf 85' lang='lat' dir='ltr'>institutos</span> <span class='ocrx_word' id='word_1_39' title='bbox 1172 819 1281 901; x_wconf 81' lang='lat' dir='ltr'>fuisse,</span> <span class='ocrx_word' id='word_1_40' title='bbox 1358 816 1361 824; x_wconf 86' lang='grc'><strong>’</strong></span> 
     </span>
    </p>

    <p class='ocr_par' dir='ltr' id='par_1_5' title="bbox 13 921 1281 1008">
     <span class='ocr_line' id='line_1_6' title="bbox 13 921 1281 1008; baseline 0.001 -20"><span class='ocrx_word' id='word_1_41' title='bbox 13 961 38 1003; x_wconf 75' lang='lat' dir='ltr'><strong>m</strong></span> <span class='ocrx_word' id='word_1_42' title='bbox 53 939 90 1003; x_wconf 63' lang='lat' dir='ltr'>,p</span> <span class='ocrx_word' id='word_1_43' title='bbox 134 925 252 988; x_wconf 85' lang='lat' dir='ltr'>tamen</span> <span class='ocrx_word' id='word_1_44' title='bbox 273 941 430 986; x_wconf 87' lang='lat' dir='ltr'>summam</span> <span class='ocrx_word' id='word_1_45' title='bbox 451 921 566 989; x_wconf 86' lang='lat' dir='ltr'>barum</span> <span class='ocrx_word' id='word_1_46' title='bbox 588 943 697 990; x_wconf 89' lang='lat' dir='ltr'>rerum</span> <span class='ocrx_word' id='word_1_47' title='bbox 723 943 834 990; x_wconf 87' lang='lat' dir='ltr'>curam</span> <span class='ocrx_word' id='word_1_48' title='bbox 860 924 998 1008; x_wconf 89' lang='lat' dir='ltr'>populns</span> <span class='ocrx_word' id='word_1_49' title='bbox 1026 924 1158 1007; x_wconf 86' lang='lat' dir='ltr'>eiusque</span> <span class='ocrx_word' id='word_1_50' title='bbox 1184 924 1281 1007; x_wconf 88' lang='lat' dir='ltr'>magi·</span> 
     </span>
    </p>

    <p class='ocr_par' dir='ltr' id='par_1_6' title="bbox 31 1024 1282 1118">
     <span class='ocr_line' id='line_1_7' title="bbox 31 1024 1282 1118; baseline 0 -22"><span class='ocrx_word' id='word_1_51' title='bbox 31 1045 88 1118; x_wconf 59' lang='lat' dir='ltr'>Ape</span> <span class='ocrx_word' id='word_1_52' title='bbox 135 1024 265 1096; x_wconf 74' lang='lat' dir='ltr'>stratus</span> <span class='ocrx_word' id='word_1_53' title='bbox 281 1027 475 1096; x_wconf 83' lang='lat' dir='ltr'>habuerunt.</span> <span class='ocrx_word' id='word_1_54' title='bbox 516 1027 642 1097; x_wconf 89' lang='lat' dir='ltr'>Doeent</span> <span class='ocrx_word' id='word_1_55' title='bbox 655 1033 739 1096; x_wconf 89' lang='lat' dir='ltr'>enim</span> <span class='ocrx_word' id='word_1_56' title='bbox 753 1029 934 1116; x_wconf 85' lang='lat' dir='ltr'>plebiscita,</span> <span class='ocrx_word' id='word_1_57' title='bbox 956 1031 1026 1116; x_wconf 84' lang='lat' dir='ltr'>lege</span> <span class='ocrx_word' id='word_1_58' title='bbox 1047 1031 1282 1115; x_wconf 86' lang='lat' dir='ltr'>praescriptum</span> 
     </span>
    </p>

    <p class='ocr_par' dir='ltr' id='par_1_7' title="bbox 13 1131 1282 1218">
     <span class='ocr_line' id='line_1_8' title="bbox 13 1131 1282 1218; baseline 0.002 -20"><span class='ocrx_word' id='word_1_59' title='bbox 13 1149 85 1212; x_wconf 51' lang='lat' dir='ltr'>imp</span> <span class='ocrx_word' id='word_1_60' title='bbox 134 1133 242 1198; x_wconf 80' lang='lat' dir='ltr'>fuisse</span> <span class='ocrx_word' id='word_1_61' title='bbox 263 1137 298 1198; x_wconf 88' lang='lat' dir='ltr'>et</span> <span class='ocrx_word' id='word_1_62' title='bbox 319 1153 339 1196; x_wconf 91' lang='lat' dir='ltr'>a</span> <span class='ocrx_word' id='word_1_63' title='bbox 359 1137 502 1198; x_wconf 87' lang='lat' dir='ltr'>cosmeta</span> <span class='ocrx_word' id='word_1_64' title='bbox 517 1131 760 1216; x_wconf 79' lang='lat' dir='ltr'>diligentissime</span> <span class='ocrx_word' id='word_1_65' title='bbox 777 1135 981 1202; x_wconf 77' lang='lat' dir='ltr'>observatum</span> <span class='ocrx_word' id='word_1_66' title='bbox 1005 1155 1085 1216; x_wconf 87' lang='lat' dir='ltr'>esse,</span> <span class='ocrx_word' id='word_1_67' title='bbox 1108 1141 1144 1205; x_wconf 88' lang='lat' dir='ltr'>ut</span> <span class='ocrx_word' id='word_1_68' title='bbox 1166 1133 1282 1218; x_wconf 86' lang='lat' dir='ltr'>ephebi</span> 
     </span>
    </p>

    <p class='ocr_par' dir='ltr' id='par_1_8' title="bbox 13 1236 1282 1323">
     <span class='ocr_line' id='line_1_9' title="bbox 13 1236 1282 1323; baseline 0 -19"><span class='ocrx_word' id='word_1_69' title='bbox 13 1253 83 1317; x_wconf 73' lang='lat' dir='ltr'>&gt;uhu</span> <span class='ocrx_word' id='word_1_70' title='bbox 134 1236 313 1320; x_wconf 75' lang='lat' dir='ltr'>diligenter</span> <span class='ocrx_word' id='word_1_71' title='bbox 356 1236 570 1304; x_wconf 78' lang='lat' dir='ltr'>interessent.</span> <span class='ocrx_word' id='word_1_72' title='bbox 595 1237 722 1306; x_wconf 83' lang='lat' dir='ltr'>scholis.</span> <span class='ocrx_word' id='word_1_73' title='bbox 777 1240 885 1323; x_wconf 88' lang='lat' dir='ltr'>Atque</span> <span class='ocrx_word' id='word_1_74' title='bbox 922 1239 1088 1322; x_wconf 79' lang='lat' dir='ltr'>inprimis,</span> <span class='ocrx_word' id='word_1_75' title='bbox 1132 1245 1170 1305; x_wconf 91' lang='lat' dir='ltr'>ut</span> <span class='ocrx_word' id='word_1_76' title='bbox 1209 1259 1282 1304; x_wconf 87' lang='lat' dir='ltr'>eon·</span> 
     </span>
    </p>

    <p class='ocr_par' dir='ltr' id='par_1_9' title="bbox 13 1341 1283 1438">
     <span class='ocr_line' id='line_1_10' title="bbox 13 1341 1283 1438; baseline 0.002 -30"><span class='ocrx_word' id='word_1_77' title='bbox 13 1359 80 1438; x_wconf 57' lang='lat' dir='ltr'>pugg</span> <span class='ocrx_word' id='word_1_78' title='bbox 136 1346 332 1408; x_wconf 86' lang='lat' dir='ltr'>sentaneum</span> <span class='ocrx_word' id='word_1_79' title='bbox 355 1346 413 1421; x_wconf 89' lang='lat' dir='ltr'>est,</span> <span class='ocrx_word' id='word_1_80' title='bbox 432 1341 698 1422; x_wconf 76' lang='lat' dir='ltr'>pbilosophorum</span> <span class='ocrx_word' id='word_1_81' title='bbox 719 1341 847 1410; x_wconf 88' lang='lat' dir='ltr'>scholae</span> <span class='ocrx_word' id='word_1_82' title='bbox 869 1348 1160 1412; x_wconf 87' lang='lat' dir='ltr'>commemorantur</span> <span class='ocrx_word' id='word_1_83' title='bbox 1182 1342 1283 1430; x_wconf 84' lang='lat' dir='ltr'>(velut</span> 
     </span>
    </p>

    <p class='ocr_par' dir='ltr' id='par_1_10' title="bbox 13 1444 1281 1548">
     <span class='ocr_line' id='line_1_11' title="bbox 13 1444 1281 1548; baseline -0.001 -36"><span class='ocrx_word' id='word_1_84' title='bbox 13 1485 78 1548; x_wconf 54' lang='lat' dir='ltr'>M,</span> <span class='ocrx_word' id='word_1_85' title='bbox 133 1447 237 1512; x_wconf 76' lang='lat' dir='ltr'>inam.</span> <span class='ocrx_word' id='word_1_86' title='bbox 264 1447 283 1511; x_wconf 84' lang='lat'><strong>3</strong></span> <span class='ocrx_word' id='word_1_87' title='bbox 312 1465 341 1508; x_wconf 81' lang='lat' dir='ltr'>v.</span> <span class='ocrx_word' id='word_1_88' title='bbox 366 1444 431 1529; x_wconf 81' lang='lat'><strong>34).</strong></span> <span class='ocrx_word' id='word_1_89' title='bbox 482 1445 675 1528; x_wconf 81' lang='lat' dir='ltr'>Aecuratius</span> <span class='ocrx_word' id='word_1_90' title='bbox 703 1450 811 1514; x_wconf 86' lang='lat' dir='ltr'>autem</span> <span class='ocrx_word' id='word_1_91' title='bbox 840 1445 880 1514; x_wconf 88' lang='lat' dir='ltr'>de</span> <span class='ocrx_word' id='word_1_92' title='bbox 906 1447 947 1512; x_wconf 89' lang='lat' dir='ltr'>iis</span> <span class='ocrx_word' id='word_1_93' title='bbox 971 1468 1035 1512; x_wconf 92' lang='lat' dir='ltr'>uno</span> <span class='ocrx_word' id='word_1_94' title='bbox 1065 1452 1192 1515; x_wconf 86' lang='lat' dir='ltr'>tautum</span> <span class='ocrx_word' id='word_1_95' title='bbox 1211 1445 1281 1513; x_wconf 91' lang='lat' dir='ltr'>loco</span> 
     </span>
    </p>

    <p class='ocr_par' dir='ltr' id='par_1_11' title="bbox 135 1547 1281 1634">
     <span class='ocr_line' id='line_1_12' title="bbox 135 1547 1281 1634; baseline 0.002 -20"><span class='ocrx_word' id='word_1_96' title='bbox 135 1549 269 1628; x_wconf 84' lang='lat' dir='ltr'>dicitur,</span> <span class='ocrx_word' id='word_1_97' title='bbox 294 1552 312 1612; x_wconf 80' lang='lat'><strong>2</strong></span> <span class='ocrx_word' id='word_1_98' title='bbox 335 1570 364 1613; x_wconf 82' lang='lat' dir='ltr'>r.</span> <span class='ocrx_word' id='word_1_99' title='bbox 384 1553 422 1614; x_wconf 82' lang='lat'>19</span> <span class='ocrx_word' id='word_1_100' title='bbox 446 1547 499 1633; x_wconf 86' lang='lat' dir='ltr'>(cf.</span> <span class='ocrx_word' id='word_1_101' title='bbox 514 1549 620 1625; x_wconf 79' lang='lat' dir='ltr'>eiiam</span> <span class='ocrx_word' id='word_1_102' title='bbox 641 1571 670 1614; x_wconf 86' lang='lat' dir='ltr'>v.</span> <span class='ocrx_word' id='word_1_103' title='bbox 684 1551 753 1634; x_wconf 84' lang='lat'>63),</span> <span class='ocrx_word' id='word_1_104' title='bbox 775 1549 831 1616; x_wconf 90' lang='lat' dir='ltr'>ubi</span> <span class='ocrx_word' id='word_1_105' title='bbox 855 1571 894 1614; x_wconf 83' lang='lat' dir='ltr'>ex</span> <span class='ocrx_word' id='word_1_106' title='bbox 916 1549 1185 1633; x_wconf 86' lang='lat' dir='ltr'>eis-philosophis</span> <span class='ocrx_word' id='word_1_107' title='bbox 1200 1571 1281 1633; x_wconf 88' lang='lat' dir='ltr'>quos</span> 
     </span>
    </p>

    <p class='ocr_par' dir='ltr' id='par_1_12' title="bbox 68 1651 1281 1738">
     <span class='ocr_line' id='line_1_13' title="bbox 68 1651 1281 1738; baseline 0 -18"><span class='ocrx_word' id='word_1_108' title='bbox 68 1726 72 1735; x_wconf 58' lang='grc'><em>,</em></span> <span class='ocrx_word' id='word_1_109' title='bbox 136 1653 323 1720; x_wconf 72' lang='lat' dir='ltr'>audiverint</span> <span class='ocrx_word' id='word_1_110' title='bbox 343 1653 532 1718; x_wconf 88' lang='lat' dir='ltr'>nominatim</span> <span class='ocrx_word' id='word_1_111' title='bbox 555 1651 688 1720; x_wconf 83' lang='lat' dir='ltr'>effertur</span> <span class='ocrx_word' id='word_1_112' title='bbox 709 1653 891 1725; x_wconf 85' lang='lat' dir='ltr'>Zenodctus</span> <span class='ocrx_word' id='word_1_113' title='bbox 912 1653 1053 1738; x_wconf 88' lang='lat' dir='ltr'>quidam.</span> <span class='ocrx_word' id='word_1_114' title='bbox 1099 1655 1200 1732; x_wconf 82' lang='lat' dir='ltr'>Quem</span> <span class='ocrx_word' id='word_1_115' title='bbox 1220 1654 1281 1720; x_wconf 88' lang='lat' dir='ltr'>Gu-</span> 
     </span>
    </p>

    <p class='ocr_par' dir='ltr' id='par_1_13' title="bbox 66 1757 1281 1843">
     <span class='ocr_line' id='line_1_14' title="bbox 66 1757 1281 1843; baseline 0.002 -17"><span class='ocrx_word' id='word_1_116' title='bbox 66 1779 68 1786; x_wconf 84' lang='lat'><em>·</em></span> <span class='ocrx_word' id='word_1_117' title='bbox 136 1759 295 1826; x_wconf 84' lang='lat' dir='ltr'>manudes</span> <span class='ocrx_word' id='word_1_118' title='bbox 342 1779 441 1841; x_wconf 87' lang='lat' dir='ltr'>quum</span> <span class='ocrx_word' id='word_1_119' title='bbox 477 1757 629 1842; x_wconf 84' lang='lat' dir='ltr'>Diogenis</span> <span class='ocrx_word' id='word_1_120' title='bbox 665 1757 835 1843; x_wconf 83' lang='lat' dir='ltr'>Babylonii</span> <span class='ocrx_word' id='word_1_121' title='bbox 879 1779 1093 1826; x_wconf 86' lang='lat' dir='ltr'>successorem</span> <span class='ocrx_word' id='word_1_122' title='bbox 1138 1758 1281 1828; x_wconf 86' lang='lat' dir='ltr'>Stoicum</span> 
     </span>
    </p>

    <p class='ocr_par' dir='ltr' id='par_1_14' title="bbox 138 1862 1280 1948">
     <span class='ocr_line' id='line_1_15' title="bbox 138 1862 1280 1948; baseline 0 -20"><span class='ocrx_word' id='word_1_123' title='bbox 138 1864 248 1948; x_wconf 88' lang='lat' dir='ltr'>(Diog.</span> <span class='ocrx_word' id='word_1_124' title='bbox 265 1863 380 1930; x_wconf 83' lang='lat' dir='ltr'>Laert.</span> <span class='ocrx_word' id='word_1_125' title='bbox 394 1863 467 1944; x_wconf 79' lang='lat' dir='ltr'>VII,</span> <span class='ocrx_word' id='word_1_126' title='bbox 489 1867 594 1944; x_wconf 50' lang='grc'>1,,26)</span> <span class='ocrx_word' id='word_1_127' title='bbox 616 1863 715 1928; x_wconf 81' lang='lat' dir='ltr'>hriese</span> <span class='ocrx_word' id='word_1_128' title='bbox 732 1864 929 1946; x_wconf 87' lang='lat' dir='ltr'>coniecisset,</span> <span class='ocrx_word' id='word_1_129' title='bbox 953 1865 1063 1930; x_wconf 87' lang='lat' dir='ltr'>statim</span> <span class='ocrx_word' id='word_1_130' title='bbox 1085 1862 1127 1928; x_wconf 95' lang='lat' dir='ltr'>ab</span> <span class='ocrx_word' id='word_1_131' title='bbox 1152 1883 1192 1928; x_wconf 87' lang='lat' dir='ltr'>aa</span> <span class='ocrx_word' id='word_1_132' title='bbox 1210 1883 1280 1928; x_wconf 90' lang='lat' dir='ltr'>sen·</span> 
     </span>
    </p>

    <p class='ocr_par' dir='ltr' id='par_1_15' title="bbox 56 1966 1278 2051">
     <span class='ocr_line' id='line_1_16' title="bbox 56 1966 1278 2051; baseline -0.002 -17"><span class='ocrx_word' id='word_1_133' title='bbox 56 1991 59 2002; x_wconf 67' lang='grc'><em>’</em></span> <span class='ocrx_word' id='word_1_134' title='bbox 138 1968 244 2034; x_wconf 87' lang='lat' dir='ltr'>tentia</span> <span class='ocrx_word' id='word_1_135' title='bbox 261 1969 410 2048; x_wconf 81' lang='lat' dir='ltr'>recessit,</span> <span class='ocrx_word' id='word_1_136' title='bbox 434 1968 552 2051; x_wconf 87' lang='lat' dir='ltr'>quippe</span> <span class='ocrx_word' id='word_1_137' title='bbox 574 1987 657 2050; x_wconf 87' lang='lat' dir='ltr'>quae</span> <span class='ocrx_word' id='word_1_138' title='bbox 679 1988 700 2034; x_wconf 90' lang='lat' dir='ltr'>a</span> <span class='ocrx_word' id='word_1_139' title='bbox 720 1972 866 2051; x_wconf 88' lang='lat' dir='ltr'>tempore</span> <span class='ocrx_word' id='word_1_140' title='bbox 886 1968 1056 2036; x_wconf 80' lang='lat' dir='ltr'>titrdorum</span> <span class='ocrx_word' id='word_1_141' title='bbox 1077 1966 1278 2033; x_wconf 85' lang='lat' dir='ltr'>abhorreret.</span> 
     </span>
    </p>

    <p class='ocr_par' dir='ltr' id='par_1_16' title="bbox 35 2069 1280 2154">
     <span class='ocr_line' id='line_1_17' title="bbox 35 2069 1280 2154; baseline -0.001 -17"><span class='ocrx_word' id='word_1_142' title='bbox 35 2100 61 2154; x_wconf 59' lang='grc' dir='ltr'><strong>χ</strong></span> <span class='ocrx_word' id='word_1_143' title='bbox 139 2072 235 2150; x_wconf 77' lang='lat' dir='ltr'>Quod</span> <span class='ocrx_word' id='word_1_144' title='bbox 254 2078 365 2138; x_wconf 82' lang='lat' dir='ltr'>tamen</span> <span class='ocrx_word' id='word_1_145' title='bbox 385 2092 452 2137; x_wconf 91' lang='lat' dir='ltr'>non</span> <span class='ocrx_word' id='word_1_146' title='bbox 471 2072 520 2138; x_wconf 87' lang='lat' dir='ltr'>ita</span> <span class='ocrx_word' id='word_1_147' title='bbox 537 2075 606 2151; x_wconf 83' lang='lat' dir='ltr'>est,</span> <span class='ocrx_word' id='word_1_148' title='bbox 630 2089 728 2154; x_wconf 88' lang='lat' dir='ltr'>quum</span> <span class='ocrx_word' id='word_1_149' title='bbox 748 2070 864 2136; x_wconf 85' lang='lat' dir='ltr'>titulos</span> <span class='ocrx_word' id='word_1_150' title='bbox 885 2072 989 2138; x_wconf 86' lang='lat' dir='ltr'>altero</span> <span class='ocrx_word' id='word_1_151' title='bbox 1018 2070 1146 2136; x_wconf 85' lang='lat' dir='ltr'>saeculo</span> <span class='ocrx_word' id='word_1_152' title='bbox 1167 2091 1197 2135; x_wconf 86' lang='lat' dir='ltr'>a.</span> <span class='ocrx_word' id='word_1_153' title='bbox 1222 2069 1280 2139; x_wconf 79' lang='lat' dir='ltr'>eh.</span> 
     </span>
    </p>

    <p class='ocr_par' dir='ltr' id='par_1_17' title="bbox 136 2175 1280 2261">
     <span class='ocr_line' id='line_1_18' title="bbox 136 2175 1280 2261; baseline -0.003 -18"><span class='ocrx_word' id='word_1_154' title='bbox 136 2179 334 2261; x_wconf 86' lang='lat' dir='ltr'>compositos</span> <span class='ocrx_word' id='word_1_155' title='bbox 355 2196 427 2244; x_wconf 90' lang='lat' dir='ltr'>esse</span> <span class='ocrx_word' id='word_1_156' title='bbox 446 2176 637 2256; x_wconf 86' lang='lat' dir='ltr'>viderimus,</span> <span class='ocrx_word' id='word_1_157' title='bbox 670 2175 830 2259; x_wconf 79' lang='lat' dir='ltr'>Diogenes</span> <span class='ocrx_word' id='word_1_158' title='bbox 860 2195 935 2240; x_wconf 90' lang='lat' dir='ltr'>vero</span> <span class='ocrx_word' id='word_1_159' title='bbox 964 2175 1019 2242; x_wconf 89' lang='lat' dir='ltr'>ille</span> <span class='ocrx_word' id='word_1_160' title='bbox 1049 2195 1133 2244; x_wconf 87' lang='lat' dir='ltr'>anno</span> <span class='ocrx_word' id='word_1_161' title='bbox 1159 2179 1218 2240; x_wconf 78' lang='grc'>156</span> <span class='ocrx_word' id='word_1_162' title='bbox 1249 2196 1280 2240; x_wconf 84' lang='lat' dir='ltr'>a.</span> 
     </span>
    </p>

    <p class='ocr_par' dir='ltr' id='par_1_18' title="bbox 13 2278 1281 2364">
     <span class='ocr_line' id='line_1_19' title="bbox 13 2278 1281 2364; baseline -0.006 -12"><span class='ocrx_word' id='word_1_163' title='bbox 13 2334 20 2352; x_wconf 77' lang='grc'>.</span> <span class='ocrx_word' id='word_1_164' title='bbox 51 2345 55 2354; x_wconf 85' lang='grc'><strong><em>,</em></strong></span> <span class='ocrx_word' id='word_1_165' title='bbox 137 2282 214 2348; x_wconf 85' lang='lat' dir='ltr'>Ghr.</span> <span class='ocrx_word' id='word_1_166' title='bbox 236 2303 311 2348; x_wconf 86' lang='lat' dir='ltr'>cum</span> <span class='ocrx_word' id='word_1_167' title='bbox 332 2280 475 2347; x_wconf 75' lang='lat' dir='ltr'>Critolao</span> <span class='ocrx_word' id='word_1_168' title='bbox 498 2285 531 2346; x_wconf 86' lang='lat' dir='ltr'>et</span> <span class='ocrx_word' id='word_1_169' title='bbox 553 2279 720 2346; x_wconf 76' lang='lat' dir='ltr'>Carneade</span> <span class='ocrx_word' id='word_1_170' title='bbox 742 2280 877 2346; x_wconf 87' lang='lat' dir='ltr'>Romam</span> <span class='ocrx_word' id='word_1_171' title='bbox 903 2279 1028 2364; x_wconf 89' lang='lat' dir='ltr'>legatus</span> <span class='ocrx_word' id='word_1_172' title='bbox 1045 2278 1215 2363; x_wconf 87' lang='lat' dir='ltr'>profectus</span> <span class='ocrx_word' id='word_1_173' title='bbox 1238 2279 1281 2344; x_wconf 90' lang='lat' dir='ltr'>sit</span> 
     </span>
    </p>

    <p class='ocr_par' dir='ltr' id='par_1_19' title="bbox 133 2383 1280 2468">
     <span class='ocr_line' id='line_1_20' title="bbox 133 2383 1280 2468; baseline -0.003 -16"><span class='ocrx_word' id='word_1_174' title='bbox 133 2389 186 2452; x_wconf 86' lang='lat' dir='ltr'>ita</span> <span class='ocrx_word' id='word_1_175' title='bbox 216 2392 254 2451; x_wconf 86' lang='lat' dir='ltr'>ut</span> <span class='ocrx_word' id='word_1_176' title='bbox 279 2385 385 2451; x_wconf 85' lang='lat' dir='ltr'>altera</span> <span class='ocrx_word' id='word_1_177' title='bbox 405 2385 492 2452; x_wconf 87' lang='lat' dir='ltr'>illius</span> <span class='ocrx_word' id='word_1_178' title='bbox 513 2383 632 2452; x_wconf 75' lang='lat' dir='ltr'>saeorli</span> <span class='ocrx_word' id='word_1_179' title='bbox 662 2389 756 2468; x_wconf 89' lang='lat' dir='ltr'>parte</span> <span class='ocrx_word' id='word_1_180' title='bbox 777 2383 969 2466; x_wconf 90' lang='lat' dir='ltr'>discipulum</span> <span class='ocrx_word' id='word_1_181' title='bbox 998 2388 1032 2448; x_wconf 87' lang='lat' dir='ltr'>et</span> <span class='ocrx_word' id='word_1_182' title='bbox 1064 2401 1280 2450; x_wconf 85' lang='lat' dir='ltr'>successorem</span> 
     </span>
    </p>

    <p class='ocr_par' dir='ltr' id='par_1_20' title="bbox 13 2475 1279 2572">
     <span class='ocr_line' id='line_1_21' title="bbox 13 2475 1279 2572; baseline -0.004 -16"><span class='ocrx_word' id='word_1_183' title='bbox 13 2481 51 2536; x_wconf 64' lang='lat'>·¹&#39;</span> <span class='ocrx_word' id='word_1_184' title='bbox 138 2492 211 2557; x_wconf 89' lang='lat' dir='ltr'>eius</span> <span class='ocrx_word' id='word_1_185' title='bbox 233 2489 370 2555; x_wconf 85' lang='lat' dir='ltr'>Athenis</span> <span class='ocrx_word' id='word_1_186' title='bbox 391 2489 540 2554; x_wconf 89' lang='lat' dir='ltr'>docuisse</span> <span class='ocrx_word' id='word_1_187' title='bbox 560 2488 690 2553; x_wconf 92' lang='lat' dir='ltr'>minime</span> <span class='ocrx_word' id='word_1_188' title='bbox 721 2489 837 2552; x_wconf 89' lang='lat' dir='ltr'>mirum</span> <span class='ocrx_word' id='word_1_189' title='bbox 863 2475 959 2572; x_wconf 56' lang='lat' dir='ltr'>siti).</span> <span class='ocrx_word' id='word_1_190' title='bbox 1003 2487 1113 2552; x_wconf 89' lang='lat' dir='ltr'>Etiam</span> <span class='ocrx_word' id='word_1_191' title='bbox 1134 2507 1173 2552; x_wconf 89' lang='lat' dir='ltr'>ea</span> <span class='ocrx_word' id='word_1_192' title='bbox 1196 2505 1279 2569; x_wconf 90' lang='lat' dir='ltr'>quae</span> 
     </span>
    </p>

    <p class='ocr_par' dir='ltr' id='par_1_21' title="bbox 136 2589 1280 2674">
     <span class='ocr_line' id='line_1_22' title="bbox 136 2589 1280 2674; baseline -0.007 -14"><span class='ocrx_word' id='word_1_193' title='bbox 136 2594 307 2661; x_wconf 83' lang='lat' dir='ltr'>adduntur</span> <span class='ocrx_word' id='word_1_194' title='bbox 344 2591 502 2659; x_wconf 83' lang='lat' dir='ltr'>voeabula</span> <span class='ocrx_word' id='word_1_195' title='bbox 532 2590 650 2673; x_wconf 74' lang='grc' dir='ltr'><strong><em>ὁμοίως</em></strong></span> <span class='ocrx_word' id='word_1_196' title='bbox 684 2589 721 2654; x_wconf 75' lang='grc' dir='ltr'>δὲ</span> <span class='ocrx_word' id='word_1_197' title='bbox 759 2594 814 2652; x_wconf 77' lang='grc' dir='ltr'>καὶ</span> <span class='ocrx_word' id='word_1_198' title='bbox 847 2602 911 2664; x_wconf 69' lang='grc' dir='ltr'>τοῖς</span> <span class='ocrx_word' id='word_1_199' title='bbox 940 2590 1052 2664; x_wconf 77' lang='grc' dir='ltr'>ἄλλοις</span> <span class='ocrx_word' id='word_1_200' title='bbox 1085 2589 1280 2674; x_wconf 78' lang='grc' dir='ltr'>φιλοσόφοις</span> 
     </span>
    </p>

    <p class='ocr_par' dir='ltr' id='par_1_22' title="bbox 135 2692 1279 2780">
     <span class='ocr_line' id='line_1_23' title="bbox 135 2692 1279 2780; baseline -0.004 -18"><span class='ocrx_word' id='word_1_201' title='bbox 135 2699 244 2762; x_wconf 76' lang='grc' dir='ltr'>ἅπασι</span> <span class='ocrx_word' id='word_1_202' title='bbox 272 2707 337 2771; x_wconf 71' lang='grc' dir='ltr'>τοῖς</span> <span class='ocrx_word' id='word_1_203' title='bbox 364 2719 396 2760; x_wconf 82' lang='grc' dir='ltr'>τε</span> <span class='ocrx_word' id='word_1_204' title='bbox 424 2695 461 2759; x_wconf 75' lang='grc' dir='ltr'>ἐν</span> <span class='ocrx_word' id='word_1_205' title='bbox 481 2697 608 2780; x_wconf 74' lang='grc' dir='ltr'><em>Λυκείῳ</em></span> <span class='ocrx_word' id='word_1_206' title='bbox 631 2697 685 2758; x_wconf 71' lang='grc' dir='ltr'>καὶ</span> <span class='ocrx_word' id='word_1_207' title='bbox 706 2694 742 2756; x_wconf 76' lang='grc' dir='ltr'>ἐν</span> <span class='ocrx_word' id='word_1_208' title='bbox 761 2692 946 2780; x_wconf 70' lang='grc' dir='ltr'>Ἀκαδημίᾳ</span> <span class='ocrx_word' id='word_1_209' title='bbox 974 2695 1060 2760; x_wconf 85' lang='lat' dir='ltr'>haud</span> <span class='ocrx_word' id='word_1_210' title='bbox 1090 2693 1279 2778; x_wconf 86' lang='lat' dir='ltr'>negligenda</span> 
     </span>
    </p>

    <p class='ocr_par' dir='ltr' id='par_1_23' title="bbox 22 2797 1278 2882">
     <span class='ocr_line' id='line_1_24' title="bbox 22 2797 1278 2882; baseline -0.009 -9"><span class='ocrx_word' id='word_1_211' title='bbox 22 2833 43 2852; x_wconf 92' lang='lat'>··</span> <span class='ocrx_word' id='word_1_212' title='bbox 135 2810 224 2873; x_wconf 87' lang='lat' dir='ltr'>sunt.</span> <span class='ocrx_word' id='word_1_213' title='bbox 269 2803 351 2868; x_wconf 89' lang='lat' dir='ltr'>Nam</span> <span class='ocrx_word' id='word_1_214' title='bbox 385 2801 413 2866; x_wconf 90' lang='lat' dir='ltr'>si</span> <span class='ocrx_word' id='word_1_215' title='bbox 434 2800 515 2866; x_wconf 89' lang='lat' dir='ltr'>haec</span> <span class='ocrx_word' id='word_1_216' title='bbox 545 2821 618 2865; x_wconf 88' lang='lat' dir='ltr'>oum</span> <span class='ocrx_word' id='word_1_217' title='bbox 652 2798 716 2864; x_wconf 92' lang='lat' dir='ltr'>illis</span> <span class='ocrx_word' id='word_1_218' title='bbox 738 2799 1031 2882; x_wconf 77' lang='lat' dir='ltr'>composuerimus,</span> <span class='ocrx_word' id='word_1_219' title='bbox 1065 2797 1278 2880; x_wconf 84' lang='lat' dir='ltr'>intelligemus</span> 
     </span>
    </p>

    <p class='ocr_par' dir='ltr' id='par_1_24' title="bbox 133 2901 1278 2997">
     <span class='ocr_line' id='line_1_25' title="bbox 133 2901 1278 2997; baseline -0.003 -21"><span class='ocrx_word' id='word_1_220' title='bbox 133 2914 270 2997; x_wconf 87' lang='lat' dir='ltr'>praeter</span> <span class='ocrx_word' id='word_1_221' title='bbox 291 2905 415 2972; x_wconf 83' lang='lat' dir='ltr'>Stoicos</span> <span class='ocrx_word' id='word_1_222' title='bbox 448 2905 546 2970; x_wconf 87' lang='lat' dir='ltr'>etiam</span> <span class='ocrx_word' id='word_1_223' title='bbox 574 2907 699 2969; x_wconf 86' lang='lat' dir='ltr'>veteres</span> <span class='ocrx_word' id='word_1_224' title='bbox 731 2901 995 2970; x_wconf 81' lang='lat' dir='ltr'>Academicorum</span> <span class='ocrx_word' id='word_1_225' title='bbox 1028 2907 1060 2968; x_wconf 86' lang='lat' dir='ltr'>et</span> <span class='ocrx_word' id='word_1_226' title='bbox 1088 2901 1278 2986; x_wconf 84' lang='lat' dir='ltr'>Peripateti·</span> 
     </span>
    </p>

    <p class='ocr_par' dir='ltr' id='par_1_25' title="bbox 13 3006 1277 3092">
     <span class='ocr_line' id='line_1_26' title="bbox 13 3006 1277 3092; baseline -0.01 -7"><span class='ocrx_word' id='word_1_227' title='bbox 13 3013 37 3050; x_wconf 41' lang='lat'>*¹</span> <span class='ocrx_word' id='word_1_228' title='bbox 136 3033 251 3086; x_wconf 90' lang='lat' dir='ltr'>corum</span> <span class='ocrx_word' id='word_1_229' title='bbox 274 3017 379 3078; x_wconf 86' lang='lat' dir='ltr'>sectas</span> <span class='ocrx_word' id='word_1_230' title='bbox 403 3031 441 3074; x_wconf 91' lang='lat' dir='ltr'>eo</span> <span class='ocrx_word' id='word_1_231' title='bbox 463 3013 609 3092; x_wconf 87' lang='lat' dir='ltr'>tempore</span> <span class='ocrx_word' id='word_1_232' title='bbox 629 3009 777 3074; x_wconf 88' lang='lat' dir='ltr'>iuvenum</span> <span class='ocrx_word' id='word_1_233' title='bbox 807 3008 943 3092; x_wconf 88' lang='lat' dir='ltr'>ingeniis</span> <span class='ocrx_word' id='word_1_234' title='bbox 967 3013 1000 3073; x_wconf 87' lang='lat' dir='ltr'>et</span> <span class='ocrx_word' id='word_1_235' title='bbox 1020 3006 1163 3073; x_wconf 88' lang='lat' dir='ltr'>moribus</span> <span class='ocrx_word' id='word_1_236' title='bbox 1186 3027 1277 3072; x_wconf 86' lang='lat' dir='ltr'>exco-</span> 
     </span>
    </p>

    <p class='ocr_par' dir='ltr' id='par_1_26' title="bbox 30 3111 1278 3201">
     <span class='ocr_line' id='line_1_27' title="bbox 30 3111 1278 3201; baseline -0.01 -11"><span class='ocrx_word' id='word_1_237' title='bbox 30 3187 31 3190; x_wconf 74' lang='grc'>,</span> <span class='ocrx_word' id='word_1_238' title='bbox 133 3119 242 3186; x_wconf 86' lang='lat' dir='ltr'>lendis</span> <span class='ocrx_word' id='word_1_239' title='bbox 254 3122 349 3201; x_wconf 88' lang='lat' dir='ltr'>aptae</span> <span class='ocrx_word' id='word_1_240' title='bbox 361 3115 447 3181; x_wconf 85' lang='lat' dir='ltr'>visas</span> <span class='ocrx_word' id='word_1_241' title='bbox 469 3133 548 3194; x_wconf 88' lang='lat' dir='ltr'>esse,</span> <span class='ocrx_word' id='word_1_242' title='bbox 568 3111 800 3196; x_wconf 85' lang='lat' dir='ltr'>Epicureorum</span> <span class='ocrx_word' id='word_1_243' title='bbox 821 3133 896 3178; x_wconf 85' lang='lat' dir='ltr'>vero</span> <span class='ocrx_word' id='word_1_244' title='bbox 911 3113 1100 3194; x_wconf 87' lang='lat' dir='ltr'>doctrinam,</span> <span class='ocrx_word' id='word_1_245' title='bbox 1122 3117 1160 3176; x_wconf 87' lang='lat' dir='ltr'>ut</span> <span class='ocrx_word' id='word_1_246' title='bbox 1172 3111 1278 3178; x_wconf 89' lang='lat' dir='ltr'>minus</span> 
     </span>
    </p>

    <p class='ocr_par' dir='ltr' id='par_1_27' title="bbox 13 3217 1278 3514">
     <span class='ocr_line' id='line_1_28' title="bbox 13 3217 758 3303; baseline -0.015 -12"><span class='ocrx_word' id='word_1_247' title='bbox 13 3248 31 3300; x_wconf 73' lang='lat'>‚2</span> <span class='ocrx_word' id='word_1_248' title='bbox 133 3224 297 3303; x_wconf 80' lang='lat' dir='ltr'>idoneam,</span> <span class='ocrx_word' id='word_1_249' title='bbox 320 3239 455 3303; x_wconf 89' lang='lat' dir='ltr'>prorsus</span> <span class='ocrx_word' id='word_1_250' title='bbox 477 3217 656 3301; x_wconf 88' lang='lat' dir='ltr'>neglectam</span> <span class='ocrx_word' id='word_1_251' title='bbox 679 3237 758 3282; x_wconf 87' lang='lat' dir='ltr'>esse.</span> 
     </span>
     <span class='ocr_line' id='line_1_29' title="bbox 225 3318 1277 3407; baseline -0.005 -17"><span class='ocrx_word' id='word_1_252' title='bbox 225 3325 461 3407; x_wconf 79' lang='lat' dir='ltr'>imperatorum</span> <span class='ocrx_word' id='word_1_253' title='bbox 491 3319 628 3404; x_wconf 89' lang='lat' dir='ltr'>denique</span> <span class='ocrx_word' id='word_1_254' title='bbox 661 3325 805 3403; x_wconf 88' lang='lat' dir='ltr'>tempore</span> <span class='ocrx_word' id='word_1_255' title='bbox 835 3319 1002 3387; x_wconf 87' lang='lat' dir='ltr'>institutae</span> <span class='ocrx_word' id='word_1_256' title='bbox 1035 3323 1110 3386; x_wconf 90' lang='lat' dir='ltr'>sunt</span> <span class='ocrx_word' id='word_1_257' title='bbox 1139 3318 1277 3402; x_wconf 86' lang='lat' dir='ltr'>scholae,</span> 
     </span>
     <span class='ocr_line' id='line_1_30' title="bbox 136 3422 1278 3514; baseline -0.007 -17"><span class='ocrx_word' id='word_1_258' title='bbox 136 3433 173 3498; x_wconf 93' lang='lat' dir='ltr'>in</span> <span class='ocrx_word' id='word_1_259' title='bbox 195 3429 311 3514; x_wconf 81' lang='lat' dir='ltr'>quihus</span> <span class='ocrx_word' id='word_1_260' title='bbox 333 3430 558 3510; x_wconf 88' lang='lat' dir='ltr'>praeceptores</span> <span class='ocrx_word' id='word_1_261' title='bbox 580 3424 725 3489; x_wconf 91' lang='lat' dir='ltr'>mercede</span> <span class='ocrx_word' id='word_1_262' title='bbox 747 3423 896 3490; x_wconf 86' lang='lat' dir='ltr'>conducti</span> <span class='ocrx_word' id='word_1_263' title='bbox 909 3423 1143 3508; x_wconf 87' lang='lat' dir='ltr'>philosophiam</span> <span class='ocrx_word' id='word_1_264' title='bbox 1160 3427 1193 3490; x_wconf 88' lang='lat' dir='ltr'>et</span> <span class='ocrx_word' id='word_1_265' title='bbox 1214 3422 1278 3489; x_wconf 91' lang='lat' dir='ltr'>elo·</span> 
     </span>
    </p>
   </div>
   <div class='ocr_carea' id='block_1_3' title="bbox 13 3673 1279 4552">
    <p class='ocr_par' dir='ltr' id='par_1_28' title="bbox 13 3673 1279 4464">
     <span class='ocr_line' id='line_1_31' title="bbox 213 3673 1277 3748; baseline 0 -12"><span class='ocrx_word' id='word_1_266' title='bbox 213 3681 238 3748; x_wconf 77' lang='lat'>1)</span> <span class='ocrx_word' id='word_1_267' title='bbox 256 3679 344 3736; x_wconf 81' lang='lat' dir='ltr'>Antea</span> <span class='ocrx_word' id='word_1_268' title='bbox 366 3673 529 3731; x_wconf 81' lang='lat' dir='ltr'>Cumanudis</span> <span class='ocrx_word' id='word_1_269' title='bbox 554 3673 703 3728; x_wconf 81' lang='lat' dir='ltr'>sententiae</span> <span class='ocrx_word' id='word_1_270' title='bbox 720 3673 850 3730; x_wconf 85' lang='lat' dir='ltr'>accedere</span> <span class='ocrx_word' id='word_1_271' title='bbox 877 3674 1051 3741; x_wconf 82' lang='lat' dir='ltr'>dubitabam,</span> <span class='ocrx_word' id='word_1_272' title='bbox 1082 3695 1165 3746; x_wconf 79' lang='lat' dir='ltr'>quum</span> <span class='ocrx_word' id='word_1_273' title='bbox 1189 3694 1277 3736; x_wconf 85' lang='lat' dir='ltr'>exeo</span> 
     </span>
     <span class='ocr_line' id='line_1_32' title="bbox 13 3752 1278 3850; baseline -0.001 -24"><span class='ocrx_word' id='word_1_274' title='bbox 13 3839 14 3848; x_wconf 9' lang='grc' dir='ltr'>χ</span> <span class='ocrx_word' id='word_1_275' title='bbox 134 3769 211 3850; x_wconf 84' lang='lat' dir='ltr'>quod</span> <span class='ocrx_word' id='word_1_276' title='bbox 232 3771 342 3840; x_wconf 84' lang='lat' dir='ltr'>praeter</span> <span class='ocrx_word' id='word_1_277' title='bbox 358 3767 544 3824; x_wconf 85' lang='lat' dir='ltr'>Ptolemaeum</span> <span class='ocrx_word' id='word_1_278' title='bbox 555 3752 653 3831; x_wconf 68' lang='lat' dir='ltr'>&#39;getiam</span> <span class='ocrx_word' id='word_1_279' title='bbox 679 3763 709 3816; x_wconf 89' lang='lat' dir='ltr'>in</span> <span class='ocrx_word' id='word_1_280' title='bbox 725 3765 815 3832; x_wconf 83' lang='lat' dir='ltr'>Lyceo</span> <span class='ocrx_word' id='word_1_281' title='bbox 839 3765 921 3820; x_wconf 85' lang='lat' dir='ltr'>docet</span> <span class='ocrx_word' id='word_1_282' title='bbox 938 3765 1104 3836; x_wconf 87' lang='lat' dir='ltr'>Zenodotue,</span> <span class='ocrx_word' id='word_1_283' title='bbox 1125 3767 1278 3839; x_wconf 84' lang='lat' dir='ltr'>intelligere</span> 
     </span>
     <span class='ocr_line' id='line_1_33' title="bbox 135 3852 1277 3923; baseline 0 -10"><span class='ocrx_word' id='word_1_284' title='bbox 135 3859 206 3914; x_wconf 92' lang='lat' dir='ltr'>mihi</span> <span class='ocrx_word' id='word_1_285' title='bbox 221 3857 329 3912; x_wconf 83' lang='lat' dir='ltr'>viderer</span> <span class='ocrx_word' id='word_1_286' title='bbox 353 3855 387 3909; x_wconf 92' lang='lat' dir='ltr'>de</span> <span class='ocrx_word' id='word_1_287' title='bbox 403 3852 584 3923; x_wconf 87' lang='lat' dir='ltr'>Peripatetico</span> <span class='ocrx_word' id='word_1_288' title='bbox 608 3852 697 3920; x_wconf 85' lang='lat' dir='ltr'>aliquo</span> <span class='ocrx_word' id='word_1_289' title='bbox 715 3869 867 3907; x_wconf 72' lang='lat' dir='ltr'>sermonem</span> <span class='ocrx_word' id='word_1_290' title='bbox 884 3871 952 3908; x_wconf 90' lang='lat' dir='ltr'>esse.</span> <span class='ocrx_word' id='word_1_291' title='bbox 988 3855 1091 3909; x_wconf 87' lang='lat' dir='ltr'>Tamen</span> <span class='ocrx_word' id='word_1_292' title='bbox 1116 3857 1169 3911; x_wconf 89' lang='lat' dir='ltr'>hoc</span> <span class='ocrx_word' id='word_1_293' title='bbox 1185 3859 1277 3914; x_wconf 87' lang='lat' dir='ltr'>nescio</span> 
     </span>
     <span class='ocr_line' id='line_1_34' title="bbox 135 3942 1277 4018; baseline -0.001 -15"><span class='ocrx_word' id='word_1_294' title='bbox 135 3965 191 4018; x_wconf 88' lang='lat' dir='ltr'>quo</span> <span class='ocrx_word' id='word_1_295' title='bbox 209 3963 274 4001; x_wconf 85' lang='lat' dir='ltr'>casu</span> <span class='ocrx_word' id='word_1_296' title='bbox 290 3945 391 3999; x_wconf 78' lang='lat' dir='ltr'>sactum</span> <span class='ocrx_word' id='word_1_297' title='bbox 409 3959 468 3997; x_wconf 84' lang='lat' dir='ltr'>esse</span> <span class='ocrx_word' id='word_1_298' title='bbox 485 3946 577 4012; x_wconf 86' lang='lat' dir='ltr'>potest</span> <span class='ocrx_word' id='word_1_299' title='bbox 594 3957 681 4010; x_wconf 90' lang='lat' dir='ltr'>neque</span> <span class='ocrx_word' id='word_1_300' title='bbox 704 3944 849 4012; x_wconf 84' lang='lat' dir='ltr'>propterea</span> <span class='ocrx_word' id='word_1_301' title='bbox 873 3942 988 4012; x_wconf 90' lang='lat' dir='ltr'>amplius</span> <span class='ocrx_word' id='word_1_302' title='bbox 1006 3944 1185 4000; x_wconf 86' lang='lat' dir='ltr'>dubitandum</span> <span class='ocrx_word' id='word_1_303' title='bbox 1202 3952 1277 4018; x_wconf 88' lang='lat' dir='ltr'>puto,</span> 
     </span>
     <span class='ocr_line' id='line_1_35' title="bbox 136 4030 1279 4108; baseline 0 -18"><span class='ocrx_word' id='word_1_304' title='bbox 136 4035 298 4108; x_wconf 80' lang='lat' dir='ltr'>praesertim</span> <span class='ocrx_word' id='word_1_305' title='bbox 323 4051 406 4102; x_wconf 90' lang='lat' dir='ltr'>quum</span> <span class='ocrx_word' id='word_1_306' title='bbox 427 4033 494 4090; x_wconf 81' lang='lat' dir='ltr'>alius</span> <span class='ocrx_word' id='word_1_307' title='bbox 519 4031 598 4086; x_wconf 80' lang='lat' dir='ltr'>huius</span> <span class='ocrx_word' id='word_1_308' title='bbox 628 4031 747 4086; x_wconf 85' lang='lat' dir='ltr'>nominis</span> <span class='ocrx_word' id='word_1_309' title='bbox 771 4030 947 4102; x_wconf 80' lang='lat' dir='ltr'>philosophus</span> <span class='ocrx_word' id='word_1_310' title='bbox 973 4049 1028 4086; x_wconf 89' lang='lat' dir='ltr'>non</span> <span class='ocrx_word' id='word_1_311' title='bbox 1051 4040 1279 4092; x_wconf 86' lang='lat' dir='ltr'>commemoretur</span> 
     </span>
     <span class='ocr_line' id='line_1_36' title="bbox 136 4119 1277 4198; baseline -0.004 -14"><span class='ocrx_word' id='word_1_312' title='bbox 136 4130 247 4198; x_wconf 82' lang='lat' dir='ltr'>praeter</span> <span class='ocrx_word' id='word_1_313' title='bbox 262 4123 354 4182; x_wconf 83' lang='lat' dir='ltr'>Procli</span> <span class='ocrx_word' id='word_1_314' title='bbox 361 4122 552 4192; x_wconf 84' lang='lat' dir='ltr'>Neoplatoniei</span> <span class='ocrx_word' id='word_1_315' title='bbox 570 4137 754 4176; x_wconf 85' lang='lat' dir='ltr'>successorem</span> <span class='ocrx_word' id='word_1_316' title='bbox 772 4119 871 4188; x_wconf 76' lang='lat' dir='ltr'>(Zeller</span> <span class='ocrx_word' id='word_1_317' title='bbox 884 4119 992 4176; x_wconf 83' lang='lat' dir='ltr'>Griech.</span> <span class='ocrx_word' id='word_1_318' title='bbox 1002 4121 1102 4177; x_wconf 84' lang='lat' dir='ltr'>Philus.</span> <span class='ocrx_word' id='word_1_319' title='bbox 1114 4123 1163 4177; x_wconf 89' lang='lat'>111.</span> <span class='ocrx_word' id='word_1_320' title='bbox 1174 4141 1203 4194; x_wconf 92' lang='lat' dir='ltr'>p.</span> <span class='ocrx_word' id='word_1_321' title='bbox 1214 4125 1277 4195; x_wconf 83' lang='lat'>954)</span> 
     </span>
     <span class='ocr_line' id='line_1_37' title="bbox 137 4209 1279 4286; baseline 0 -16"><span class='ocrx_word' id='word_1_322' title='bbox 137 4231 220 4286; x_wconf 88' lang='lat' dir='ltr'>quem</span> <span class='ocrx_word' id='word_1_323' title='bbox 237 4213 282 4268; x_wconf 89' lang='lat' dir='ltr'>hic</span> <span class='ocrx_word' id='word_1_324' title='bbox 298 4213 328 4266; x_wconf 88' lang='lat' dir='ltr'>in</span> <span class='ocrx_word' id='word_1_325' title='bbox 347 4228 459 4268; x_wconf 83' lang='lat' dir='ltr'>censum</span> <span class='ocrx_word' id='word_1_326' title='bbox 475 4229 531 4266; x_wconf 90' lang='lat' dir='ltr'>non</span> <span class='ocrx_word' id='word_1_327' title='bbox 547 4211 639 4266; x_wconf 84' lang='lat' dir='ltr'>venire</span> <span class='ocrx_word' id='word_1_328' title='bbox 655 4215 743 4280; x_wconf 86' lang='lat' dir='ltr'>patet.</span> <span class='ocrx_word' id='word_1_329' title='bbox 778 4209 856 4280; x_wconf 77' lang='lat' dir='ltr'>Quod</span> <span class='ocrx_word' id='word_1_330' title='bbox 882 4227 946 4266; x_wconf 87' lang='lat' dir='ltr'>vero</span> <span class='ocrx_word' id='word_1_331' title='bbox 963 4211 993 4264; x_wconf 89' lang='lat' dir='ltr'>in</span> <span class='ocrx_word' id='word_1_332' title='bbox 1010 4211 1166 4268; x_wconf 81' lang='lat' dir='ltr'>Ptolemaeo</span> <span class='ocrx_word' id='word_1_333' title='bbox 1185 4213 1279 4270; x_wconf 88' lang='lat' dir='ltr'>docuit</span> 
     </span>
     <span class='ocr_line' id='line_1_38' title="bbox 136 4299 1278 4372; baseline -0.004 -14"><span class='ocrx_word' id='word_1_334' title='bbox 136 4305 184 4360; x_wconf 86' lang='lat' dir='ltr'>ille</span> <span class='ocrx_word' id='word_1_335' title='bbox 195 4301 403 4371; x_wconf 77' lang='lat' dir='ltr'>zenodotus,-id</span> <span class='ocrx_word' id='word_1_336' title='bbox 417 4318 473 4357; x_wconf 89' lang='lat' dir='ltr'>non</span> <span class='ocrx_word' id='word_1_337' title='bbox 489 4305 595 4358; x_wconf 85' lang='lat' dir='ltr'>tantum</span> <span class='ocrx_word' id='word_1_338' title='bbox 612 4300 779 4372; x_wconf 87' lang='lat' dir='ltr'>epheborum</span> <span class='ocrx_word' id='word_1_339' title='bbox 797 4300 885 4370; x_wconf 87' lang='lat' dir='ltr'>gratia</span> <span class='ocrx_word' id='word_1_340' title='bbox 901 4300 1003 4356; x_wconf 83' lang='lat' dir='ltr'>sactum</span> <span class='ocrx_word' id='word_1_341' title='bbox 1019 4317 1085 4370; x_wconf 90' lang='lat' dir='ltr'>esse,</span> <span class='ocrx_word' id='word_1_342' title='bbox 1103 4301 1151 4356; x_wconf 84' lang='lat' dir='ltr'>sed</span> <span class='ocrx_word' id='word_1_343' title='bbox 1166 4299 1278 4371; x_wconf 46' lang='lat' dir='ltr'>¹omniuo</span> 
     </span>
     <span class='ocr_line' id='line_1_39' title="bbox 136 4377 1279 4464; baseline -0.005 -14"><span class='ocrx_word' id='word_1_344' title='bbox 136 4392 315 4464; x_wconf 83' lang='lat' dir='ltr'>philosophos</span> <span class='ocrx_word' id='word_1_345' title='bbox 332 4391 437 4448; x_wconf 84' lang='lat' dir='ltr'>Stoicos</span> <span class='ocrx_word' id='word_1_346' title='bbox 452 4390 492 4446; x_wconf 89' lang='lat' dir='ltr'>ibi</span> <span class='ocrx_word' id='word_1_347' title='bbox 509 4387 615 4449; x_wconf 84' lang='lat' dir='ltr'>scholas</span> <span class='ocrx_word' id='word_1_348' title='bbox 630 4390 731 4446; x_wconf 81' lang='lat' dir='ltr'>babere</span> <span class='ocrx_word' id='word_1_349' title='bbox 749 4391 918 4446; x_wconf 79' lang='lat' dir='ltr'>consuevisse</span> <span class='ocrx_word' id='word_1_350' title='bbox 937 4390 1050 4449; x_wconf 83' lang='lat' dir='ltr'>sortasse</span> <span class='ocrx_word' id='word_1_351' title='bbox 1062 4390 1126 4446; x_wconf 89' lang='lat' dir='ltr'>inde</span> <span class='ocrx_word' id='word_1_352' title='bbox 1145 4377 1279 4444; x_wconf 78' lang='lat' dir='ltr'>conficere</span> 
     </span>
    </p>

    <p class='ocr_par' dir='ltr' id='par_1_29' title="bbox 136 4479 820 4552">
     <span class='ocr_line' id='line_1_40' title="bbox 136 4479 820 4552; baseline -0.006 -14"><span class='ocrx_word' id='word_1_353' title='bbox 136 4485 211 4552; x_wconf 91' lang='lat' dir='ltr'>licet,</span> <span class='ocrx_word' id='word_1_354' title='bbox 230 4481 303 4550; x_wconf 88' lang='lat' dir='ltr'>quod</span> <span class='ocrx_word' id='word_1_355' title='bbox 323 4479 465 4550; x_wconf 77' lang='lat' dir='ltr'>Chrysippi</span> <span class='ocrx_word' id='word_1_356' title='bbox 484 4484 573 4536; x_wconf 83' lang='lat' dir='ltr'>statua</span> <span class='ocrx_word' id='word_1_357' title='bbox 589 4480 629 4535; x_wconf 90' lang='lat' dir='ltr'>ibi</span> <span class='ocrx_word' id='word_1_358' title='bbox 644 4480 735 4551; x_wconf 84' lang='lat' dir='ltr'>posita</span> <span class='ocrx_word' id='word_1_359' title='bbox 753 4483 820 4534; x_wconf 89' lang='lat' dir='ltr'>erat.</span> 
     </span>
    </p>
   </div>
   <div class='ocr_carea' id='block_1_4' title="bbox 0 0 1547 5076">
    <p class='ocr_par' dir='ltr' id='par_1_30' title="bbox 0 0 1547 5076">
     <span class='ocr_line' id='line_1_41' title="bbox 0 0 1547 5076; baseline 0 0"><span class='ocrx_word' id='word_1_360' title='bbox 0 0 1547 5076; x_wconf 95' lang='lat' dir='ltr'> </span> 
     </span>
    </p>
   </div>
  </div>
 </body>
</html>
