3082 5076
811 253 853 314 68

266 420 456 507 praesertim
481 438 579 503 quum
602 418 700 486 etiam
726 418 898 486 Salaminis
927 419 1051 486 incolae
1073 422 1158 486 cives
1172 422 1275 487 Attici
1308 428 1426 487 555551

267 535 299 594 51
327 528 423 592 heros
445 526 514 609 ipse
543 545 614 589 cum
645 524 894 591 Atheniensibus
923 523 997 590 inde
1027 525 1069 590 ab
1100 527 1233 610 antiquo
1271 531 1427 609 tempore

266 634 456 698 coniunctus
479 631 529 714 (Il.
549 635 588 711 B,
614 631 701 714 558),
725 631 842 696 mirum
864 652 930 696 non
952 635 1012 710 est,
1035 651 1074 696 55
1095 630 1294 714 epheborum
1316 630 1424 696 Athe-

266 738 422 802 niensium
454 735 641 819 praesentia
672 735 896 801 concelebrata
926 756 1006 800 5555.
1059 735 1121 812 Qui
1151 735 1288 802 Athenis
1318 735 1424 800 adve-

266 841 427 907 hebantur
465 839 591 904 duabus
624 838 761 904 navibus
799 838 976 905 biremibus
1013 837 1185 922 (δικρότοις
1222 869 1263 894 =
1294 837 1424 922 διήρεσι

266 947 361 1010 15555.
386 949 406 1006 4
428 965 456 1007 v.
484 945 539 1027 76)
571 961 723 1026 pompam
752 941 914 1007 ducebant
943 961 1009 1006 una
1041 963 1114 1006 curn
1148 941 1273 1008 insulae
1301 940 1425 1006 incolis

259 1059 299 1114 -et
323 1071 395 1113 cum
418 1048 549 1113 summis
571 1045 819 1120 Salaminiorum
840 1046 1084 1130 magistratibus
1109 1047 1200 1112 Aiaci
1222 1045 1424 1112 sacrificium

266 1153 428 1218 faciebant
461 1156 512 1230 (4,
536 1149 601 1237 71).
657 1151 832 1216 Ρ55515555
865 1152 963 1216 etiam
984 1150 1177 1234 Aesculapio
1205 1171 1299 1218 sacra
1327 1150 1423 1215 facta

268 1277 338 1322 5555
361 1257 458 1322 inscr.
486 1260 500 1318 l
523 1277 551 1320 v.
568 1260 615 1319 17.
642 1260 682 1320 55
706 1255 862 1335 refertur3
884 1257 935 1320 cui
956 1274 1115 1338 quaenam
1136 1254 1317 1320 intercedat
1341 1276 1422 1320 cum

267 1363 364 1430 Aiace
386 1359 608 1440 necessitudo,
639 1381 703 1426 non
726 1360 897 1442 perspicio.
943 1359 1088 1443 Denique
1113 1360 1212 1424 etiam
1236 1359 1424 1426 certamina

266 1465 388 1530 fiebant
411 1464 492 1529 varii
517 1464 663 1547 generis,
694 1463 781 1528 velut
802 1465 925 1546 μακρὸς
947 1462 1082 1547 δρόμος,
1118 1485 1181 1548 quo
1205 1462 1320 1546 ephebi
1343 1485 1423 1528 cum

266 1571 449 1636 Salaminiis
465 1568 637 1636 certabant
660 1570 704 1653 (1,
724 1573 788 1649 17),
811 1567 947 1652 lampas,
971 1575 1133 1634 certamen
1148 1567 1262 1634 navale
1276 1566 1421 1653 (ἅμιλλα

265 1679 329 1738 τῶν
351 1673 473 1738 πλοίων
500 1677 514 1735 1
538 1695 566 1737 v.
594 1676 642 1736 16.
668 1677 709 1736 54
733 1672 800 1756 al).
847 1671 970 1750 Quibus
999 1672 1146 1738 omnibus
1175 1671 1257 1738 bene
1288 1673 1376 1738 55115
1399 1694 1422 1738 5

265 1776 386 1862 populo
409 1775 584 1842 Salaminio
608 1781 1035 1842 5555555555555555155.

352 1881 421 1946 Iam
444 1901 543 1962 supra
565 1901 663 1963 quum
687 1880 823 1944 dicerem
846 1881 885 1946 de
907 1881 947 1946 115
971 1880 1091 1960 555515,
1116 1880 1233 1964 quibus
1255 1881 1420 1946 maiorum

265 1986 420 2050 victoriae
442 1983 484 2049 ab
509 1983 641 2066 ephebis
665 1984 846 2050 celebratae
869 1986 953 2066 sint,
986 1985 1085 2050 ctiam
1109 1985 1256 2052 Acontea
1279 2006 1419 2050 comme-

265 2088 408 2169 1n0ravi;
429 2107 567 2171 namque
580 2107 645 2152 non
667 2087 781 2155 dubito
795 2090 873 2172 quin
895 2089 994 2154 etiam
1015 2088 1076 2154 hoc
1092 2088 1210 2154 festum
1232 2089 1275 2154 ad
1296 2110 1418 2156 memo·

266 2193 348 2258 riam
378 2193 531 2258 victoriae
555 2190 749 2258 Salaminiae
771 2194 982 2276 pertinuerit,
1018 2194 1052 2259 in
1075 2214 1140 2277 qua
1161 2193 1340 2274 Aeacidas,
1378 2217 1418 2259 ex

267 2318 331 2380 quo
353 2317 470 2380 genere
492 2295 576 2360 Aiax
598 2301 679 2376 erat,
704 2294 838 2362 Graecis
861 2318 954 2380 opem
976 2296 1090 2362 tulisse
1112 2297 1200 2361 fama
1222 2304 1293 2362 5551
1315 2297 1417 2382 (Plut.

267 2401 421 2468 Themist.
452 2422 479 2467 c.
508 2405 557 2464 15.
588 2400 629 2466 51.
650 2399 784 2466 Hercdt.
808 2401 900 2481 VIII,
932 2405 973 2466 64
997 2399 1141 2466 αὐτόθεν
1161 2405 1222 2483 μὲν
1243 2403 1279 2466 ἐκ
1301 2401 1418 2464 Σαλα-

265 2517 358 2589 μῖνος
380 2510 414 2568 A
421 2506 436 2566 1
442 2502 549 2567 aava
570 2527 609 2566 τε
631 2509 685 2566 καὶ
711 2503 892 2586 Τελαμῶνα
914 2503 1149 2592 ἐπεκαλέοντο).

356 2615 405 2676 12.
457 2610 610 2674 Eiusdem
645 2610 798 2674 victoriae
832 2613 970 2693 gratiam
1006 2609 1192 2676 referebant
1224 2612 1418 2696 Mccnpcbic's

266 2717 391 2782 Dianae
414 2714 558 2802 (Corsini
575 2716 611 2780 F.
625 2718 662 2781 A.
685 2717 718 2782 11
738 2739 771 2800 p.
789 2721 860 2782 348.
893 2717 1059 2784 Hermann
1080 2717 1102 2782 l.
1125 2717 1146 2782 l.
1170 2723 1264 2804 510,
1288 2721 1333 2805 2).
1379 2721 1418 2788 15

266 2821 434 2905 55515515
457 2841 608 2904 pompam
624 2821 755 2904 quidem
775 2821 894 2888 factam
917 2843 988 2888 esse
1005 2822 1093 2888 tituli
1115 2827 1280 2890 testantur
1302 2825 1416 2911 (inser.

268 2931 286 2990 3
309 2947 337 2990 v.
363 2929 414 2990 20.
444 2923 514 3008 Ἑρ.
545 2926 619 3010 α’ρχ.
642 2930 726 2990 4041
749 2949 777 2991 v.
803 2931 876 3007 23),
907 2947 990 3010 quae
1012 2931 1122 2992 tamen
1149 2949 1214 2992 non
1243 2934 1334 2996 55515
1361 2932 1418 2996 via

266 3029 401 3096 Athenis
421 3027 627 3112 Munychiam
649 3028 787 3095 deducta
810 3051 880 3096 5555
902 3030 1050 3112 videtur,
1073 3030 1130 3096 sed
1150 3032 1259 3114 potius
1282 3033 1316 3098 in
1339 3055 1416 3117 por-

266 3140 336 3197 tum
356 3132 578 3214 Piraeensem,
610 3133 696 3198 unde
718 3133 852 3199 navibus
881 3135 980 3200 555515
1014 3135 1099 3202 51555
1120 3135 1323 3218 peninsulam
1343 3138 1416 3205 Μ5-

267 3236 401 3322 nynhiae
437 3237 472 3300 in
504 3243 635 3319 portum
667 3236 926 3322 Munychiensem
961 3237 1159 3304 vehebantur
1180 3239 1231 3326 18),
1290 3241 1416 3311 Deinde

266 3360 361 3407 sacra
393 3339 557 3405 faciebant
584 3339 662 3405 deae
696 3341 731 3406 in
766 3341 885 3424 templo
917 3335 1008 3406 151515
1040 3342 1148 3424 ipsum
1177 3348 1309 3425 portum
1349 3347 1415 3413 sito

267 3445 418 3534 (Pausan.
441 3443 476 3525 Ι,
503 3449 540 3526 1,
564 3450 605 3528 4).
661 3444 741 3510 Cum
763 3446 819 3511 illa
852 3465 971 3529 pompa
993 3450 1157 3511 certamen
1186 3448 1317 3512 navium
1339 3470 1416 3515 con·

265 3552 410 3615 iunctum
432 3552 504 3612 5551
527 3549 636 3633 (inser.
662 3554 690 3632 2,
716 3554 757 3615 29
781 3556 813 3616 51
838 3553 867 3633 3,
893 3547 949 3637 20)
972 3549 1059 3634 quod
1088 3549 1153 3616 iam
1176 3551 1356 3636 antiquitus
1379 3556 1415 3619 in

266 3657 326 3720 hoc
347 3655 430 3720 15515
459 3652 581 3718 factum
601 3675 672 3720 esse
704 3655 847 3720 indicare
868 3653 947 3720 mihi
978 3654 1105 3720 videtur
1126 3655 1273 3723 Platonis
1303 3661 1416 3727 comici

265 3760 355 3824 locus
385 3756 483 3841 apud
515 3757 726 3824 Plutarchum
766 3757 920 3824 Themist.
953 3779 980 3850 c.
995 3833 997 3836 ¹
1014 3763 1072 3837 32,
1115 3759 1171 3842 qui
1211 3759 1252 3826 de
1287 3760 1415 3829 Themi-

266 3861 367 3928 stocle
390 3861 484 3928 dicit:

438 3981 473 4046 ‘0
496 3983 551 4058 σὸς
573 3983 609 4046 δὲ
631 3981 810 4088 capadocia
832 3981 922 4070 καλῷ
945 3985 1142 4068 κεχωσμένος

341 4320 435 4388 18)Ιά
459 4321 530 4374 inest
548 4323 577 4377 in
595 4322 728 4376 vocabulo
754 4325 967 4392 περιέπλευσαν
994 4330 1007 4380 1
1028 4343 1053 4380 v.
1074 4330 1116 4381 16.
1135 4331 1150 4380 3
1170 4343 1196 4380 v,
1215 4329 1249 4380 al
1268 4329 1305 4387 51ς
1324 4325 1367 4380 τὸν
1385 4330 1415 4379 ἐν

265 4407 403 4480 Μοννᾱὲρ
421 4410 515 4479 λιμένα
534 4410 644 4464 additur
664 4414 679 4463 2
699 4427 723 4464 v.
744 4414 787 4464 29.
810 4413 837 4464 ἐν
857 4419 914 4474 ταῖς
932 4416 1018 4484 ἱεραῖς
1036 4417 1132 4469 ναυσὶν
1155 4421 1177 4486 1,
1200 4417 1241 4470 16.
