3082 5076
716 341 873 430 '24

279 543 354 608 dote
375 541 485 627 populi
507 547 539 607 et
565 541 772 620 Gratiarum,
809 535 950 620 exegetis
970 535 1051 602 iuris
1074 531 1200 619 sacri⁶)
1223 537 1256 598 et
1279 530 1426 616 ephebis.

280 647 402 726 Quibus
425 647 493 712 deis
515 645 577 711 hoc
600 643 792 710 sacrificium
813 643 934 719 factum
958 641 1010 722 sit,
1032 661 1098 705 non
1119 638 1270 720 traditur,
1293 641 1428 721 praeter

278 752 430 831 Vestam,
462 771 544 834 quae
567 751 602 815 in
624 747 804 833 fragmento
826 746 914 812 tituli
934 747 1002 830 Ἐφ.
1026 743 1104 828 dex:
1125 747 1207 809 1605
1234 762 1427 808 commemo·

151 881 155 894 f
279 861 388 938 ratur,
420 861 453 921 et
475 854 624 933 Gratias,
657 853 774 937 quibus
796 872 890 917 sacre
911 851 996 916 facta
1026 870 1096 915 esse
1118 847 1194 914 inde
1220 845 1425 930 intelligitur,

279 961 362 1043 quod
405 960 556 1026 sacerdos
589 980 700 1025 earum
739 957 857 1023 adfuit:
891 954 977 1040 quod
1011 959 1185 1040 propterea
1215 949 1425 1016 memorabile

279 1067 423 1150 videtur,
459 1067 546 1152 quod
576 1067 675 1133 etiam
704 1067 737 1130 iu
760 1069 961 1130 sacramento
991 1062 1187 1147 epheborum
1218 1061 1263 1144 (p.
1286 1058 1302 1122 I
1323 1059 1351 1143 §.
1380 1059 1423 1142 1).

278 1173 370 1237 Auxo
394 1177 427 1236 et
448 1171 650 1256 Hegemone,
684 1190 767 1254 quae
794 1175 868 1234 sunt
892 1167 1079 1234 Gratiarum
1108 1165 1195 1250 apud
1218 1165 1344 1230 Atticos
1366 1185 1424 1227 no·

279 1277 375 1357 mina,
398 1283 528 1360 praeter
550 1276 631 1342 alios
654 1276 731 1342 deos
754 1279 854 1340 testes
876 1273 1083 1340 advocentur.
1135 1270 1184 1335 De
1212 1268 1424 1334 iureiurando

278 1382 350 1463 ipso
372 1380 406 1445 in
427 1380 522 1448 huius
545 1382 662 1448 aetatis
685 1380 790 1446 titulis
812 1379 890 1445 nihil
912 1378 1089 1458 invenitur,
1124 1396 1229 1460 neque
1251 1395 1310 1458 pro
1332 1373 1422 1438 illius

279 1485 398 1550 saeculi
427 1486 554 1572 ingenio
581 1487 699 1552 mirum
721 1490 787 1566 est,
818 1483 1067 1569 pulcherrimum
1096 1482 1185 1547 illum
1214 1479 1423 1564 antiquorum

277 1611 398 1656 morem
419 1613 552 1676 prorsus
573 1592 609 1658 in
631 1590 874 1658 desuetudinem
895 1589 1030 1654 venisse.

365 1699 395 1760 2.
441 1697 544 1775 Quum
567 1696 607 1763 de
629 1701 774 1780 tempore
797 1693 952 1779 ephebiae
980 1691 1170 1768 dixerimus,
1204 1691 1246 1756 ab
1267 1690 1328 1756 hoc
1349 1690 1422 1756 loco

277 1820 341 1865 non
362 1801 501 1868 alienum
523 1802 585 1867 erit
608 1821 763 1886 quaerere
786 1819 942 1884 quaenam
964 1798 1049 1863 ratio
1079 1795 1258 1862 intercedat
1280 1794 1422 1878 ephebo-

277 1925 348 1968 rum
370 1905 492 1970 nomIni
514 1927 585 1970 cum
609 1906 681 1971 aliis
704 1910 849 1970 aetatum
876 1902 1124 1981 definitionibus,
1156 1921 1238 1983 quae
1261 1900 1293 1964 in
1315 1899 1422 1965 titulis

278 2008 462 2091 agonisticis
483 2009 699 2074 inveniuntur.
742 2009 867 2092 Inque
889 2007 1085 2093 quaestions
1100 2026 1147 2085 ea,
1172 2025 1267 2088 quam
1290 2004 1422 2070 omnino

277 2110 499 2193 gravissimam
519 2119 618 2196 puto,
651 2111 703 2177 lex
724 2112 775 2177 vel
797 2111 1037 2178 accuratissime
1059 2109 1258 2176 observanda
1281 2113 1346 2189 est,
1382 2116 1423 2175 ut

181 2249 182 2254 1
279 2214 306 2278 si
328 2214 406 2297 quid
429 2217 508 2281 certi
529 2216 671 2282 invenire
692 2216 847 2296 volumus,
872 2236 969 2299 quam
991 2214 1190 2280 severissime
1210 2215 1315 2278 omnia
1336 2235 1422 2298 quae

277 2318 319 2383 ad
341 2318 422 2384 alias
444 2319 590 2386 civitates
610 2321 804 2404 pertineant,
825 2319 867 2386 ab
886 2319 1045 2385 institutis
1062 2319 1178 2384 Atticis
1198 2295 1422 2384 discernamus

278 2428 311 2487 et
337 2423 378 2488 ab
408 2422 469 2490 hec
500 2424 719 2508 disputatione
751 2444 1149 2508 prorsus—removeamus3
1177 2443 1252 2489 nam
1280 2423 1314 2488 in
1335 2423 1421 2488 eius·

262 2527 364 2592 -modi
385 2528 482 2594 rebus
504 2534 617 2613 gentes
630 2535 663 2595 et
683 2529 828 2596 civitates
846 2529 992 2594 diversae
1015 2527 1260 2612 quammaxime
1280 2527 1420 2596 variant.

362 2631 555 2716 Plerumque
576 2634 610 2698 in
632 2633 861 2700 certaminibus
882 2632 1035 2718 gymnicis
1059 2639 1123 2698 tres
1152 2637 1276 2724 aetates
1305 2631 1421 2698 distin-

277 2743 428 2820 guuntur,
450 2759 533 2822 quae
556 2738 661 2804 solent
681 2738 845 2804 vocabulis
862 2737 986 2819 παῖδες,
1017 2735 1160 2819 ἀγένειον,
1183 2735 1299 2819 ἄνδρες
1321 2737 1422 2820 signi-

277 2839 368 2904 ficari
391 2840 488 2925 (Plat.
510 2840 593 2926 legg.
615 2841 699 2923 VIII,
725 2845 787 2906 333
811 2840 846 2906 0.
880 2840 916 2906 0.
938 2841 964 2905 I.
988 2840 1044 2905 Gr.
1072 2845 1152 2922 1591
1182 2841 1212 2928 (I
1235 2840 1273 2905 cf.
1297 2845 1363 2905 not.
1383 2844 1419 2926 7)

276 2944 430 3028 Rangabe
453 2967 484 3009 n.
510 2929 679 3011 9611962.
705 2951 778 3011 963.
803 2947 890 3030 965).
942 2947 1053 3030 Neque
1083 2946 1217 3012 dubium
1243 2951 1293 3012 est
1326 2945 1361 3012 Ο.
1385 2946 1417 3010 J.

145 3129 148 3136 ἱ
278 3048 333 3112 Gr.
358 3053 438 3132 245,
469 3049 525 3115 ubi
548 3049 624 3115 solis
646 3049 749 3115 literis
773 3055 822 3130 A,
851 3056 898 3126 B,
928 3052 959 3112 Γ
983 3050 1173 3129 indicantur,
1205 3050 1334 3117 eosdem
1356 3050 1418 3116 hos

275 3156 342 3216 tres
364 3151 493 3217 ordines
514 3152 738 3236 intelligendos
761 3173 842 3219 esse.
886 3153 949 3218 Pro
972 3151 1115 3232 ἀγένειος
1138 3175 1212 3219 vero
1234 3154 1316 3220 Plat.
1339 3155 1416 3240 Lys.

277 3259 339 3320 206
363 3256 392 3320 D
415 3264 447 3323 et
468 3257 583 3324 titulus
608 3257 681 3321 Φιλ.
705 3261 735 3321 Γ
757 3280 789 3343 p..
816 3263 876 3322 154
899 3264 1035 3325 utuntur
1056 3258 1210 3324 vocabulo
1239 3259 1417 3332 usdvtonog.
1520 3265 1521 3332 ζ

274 3362 348 3426 Iam
368 3383 443 3427 vero
465 3363 604 3445 primum
627 3385 667 3427 ex
687 3362 737 3428 his
759 3361 938 3447 generibus,
961 3361 1047 3446 quod
1070 3367 1120 3427 est
1137 3384 1318 3446 puerorum,
1343 3388 1416 3431 rur-

274 3488 329 3532 sus
350 3466 385 3530 in
406 3466 487 3531 duas
509 3471 619 3549 partes
642 3465 776 3532 divisum
799 3487 869 3532 esse
890 3466 1033 3532 videmus
1057 3486 1096 3532 ex
1118 3466 1218 3532 Suida
1239 3492 1264 3534 s.
1288 3492 1316 3534 v.
1341 3475 1416 3534 Ila-

270 3570 529 3657 1ναθη’ναιοι,·11)1
552 3571 635 3636 enim
656 3570 795 3638 Meierus
817 3569 1059 3657 (Allg.Encylrl.
1084 3572 1154 3636 Art.
1166 3572 1416 3642 Panathenaeen
1509 3631 1511 3646 .

273 3698 304 3758 p.
329 3675 406 3762 284)
429 3675 573 3740 restituit
595 3671 779 3753 ἀγωνίζεται
803 3683 880 3748 παῖς
900 3675 1097 3760 μικρότερος,
1128 3677 1333 3761 πρεσβύτερος
1360 3689 1416 3744 καὶ

273 3778 415 3858 ἀγένειος
436 3785 491 3842 καὶ
513 3777 594 3865 α’νήρ
617 3779 721 3864 (codd.
745 3789 823 3853 παῖς
838 3778 970 3860 Ἴσθμια
1002 3777 1041 3842 οὔ
1066 3780 1295 3869 πρεσβύτερος).
1343 3787 1414 3866 Qua

272 3950 490 3960 ----.·-----

241 4133 244 4138 ,
334 4071 361 4141 6)
379 4071 436 4134 Hos
459 4073 531 4126 enim
550 4073 742 4146 intelligendos
760 4093 819 4130 esse
838 4075 1034 4133 demonstravit
1051 4079 1085 4133 E.
1104 4079 1210 4134 Curtius
1229 4080 1247 4134 l.
1266 4081 1284 4135 l.
1303 4101 1331 4152 p.
1350 4086 1415 4139 333.

270 4159 358 4214 Simili
374 4161 456 4215 modo
473 4161 502 4214 in
519 4163 602 4218 sacris
620 4164 752 4220 faciundis
770 4164 889 4235 ἐξηγηταὶ
907 4171 1155 4223 commemorantur
1173 4187 1189 4223 a
1206 4169 1319 4224 Platone
1339 4172 1414 4244 legg.

268 4249 348 4317 VIII,
366 4251 460 4309 828AE
485 4247 557 4310 ὅπως
581 4250 616 4303 ἂν
640 4255 692 4323 μία
711 4255 743 4324 γέ
768 4271 803 4314 τις
821 4253 891 4326 ἀρχὴ
910 4257 963 4328 θύῃ
990 4255 1062 4311 θεῶν
1089 4255 1104 4322 ἢ
1129 4259 1271 4328 δαιμόνων
1294 4259 1344 4311 τινὶ
1371 4262 1414 4316 ἀεὶ

268 4337 462 4418 ὑπὲρμπόλεως
490 4377 520 4391 ..
542 4378 547 4391 .
571 4382 576 4395 .
606 4341 682 4395 ταῦτα
706 4343 734 4396 δὲ
760 4345 927 4407 ξυνελθόντες
954 4347 1117 4417 ἐξηγηταὶ
1148 4347 1195 4400 καὶ
1220 4349 1298 4417 ἱερεῖς
1408 4391 1413 4403 .

268 4428 408 4488 ταξάντων.
