3082 5076
670 335 707 393 17

114 498 276 564 Hadriani
306 504 339 565 et
366 498 408 564 M.
433 500 555 566 Aurelii
584 507 709 583 aetate,
742 525 806 588 qna
834 503 992 586 Athenae
1013 525 1094 571 novo
1126 503 1265 588 quodam

114 604 195 670 flore
224 602 425 687 gandebant,
460 626 572 670 rursus
599 607 830 674 incrementum
852 605 982 691 aliquod
1013 607 1183 692 accedit2).
1228 607 1265 673 In

113 708 197 773 urbe
219 729 294 773 vero
324 711 498 794 nonaginta
520 711 587 778 fere
602 713 724 778 milium
745 712 924 778 incolarum
947 710 1099 799 (Boeokh.
1122 699 1263 776 Staatsh.
1350 790 1355 802 .

113 809 138 895 Ι,
162 835 194 897 p.
220 817 261 878 54
284 813 334 878 ed.
357 812 392 900 2)
413 815 514 880 multo
544 816 653 901 plures
675 817 774 883 fuisse
801 815 1019 910 duodeviginti
1039 835 1197 880 annorum
1217 816 1265 880 iu·

112 939 210 984 venes
240 924 386 1002 apparet.
430 919 566 985 Videtur
593 922 693 1005 igitur
722 942 820 1004 quum
849 922 978 986 iuvenes
1000 919 1035 983 in
1055 917 1263 984 lexiarchicas

113 1021 244 1087 tabulas
257 1023 405 1106 inscripti
418 1029 536 1106 essent,
558 1045 667 1090 eorum
683 1027 821 1092 arbitrio
837 1027 1029 1111 permissum
1043 1022 1141 1088 irrisae
1153 1028 1262 1088 utrum

112 1129 200 1194 inter
223 1127 363 1212 ephebos
385 1128 484 1211 recipi
507 1128 644 1212 vehent,
675 1151 787 1213 necne3
819 1137 852 1198 et
875 1134 1124 1198 consentaneum
1145 1133 1195 1192 est
1216 1128 1263 1191 in·

113 1233 228 1316 primis
257 1233 381 1299 nobiles
412 1237 445 1298 et
474 1233 588 1300 divites
615 1236 743 1301 iuvenes
765 1234 850 1301 hunc
871 1234 1042 1313 honorem,
1066 1233 1185 1316 quippe
1208 1232 1263 1316 qui

35 1367 45 1376 ·
113 1357 185 1401 cum
208 1341 338 1421 sumptu
360 1337 448 1402 haud
469 1337 623 1402 mediocri
640 1339 828 1404 coniunctus
850 1343 946 1417 esset,
967 1337 1110 1421 petiisse.

199 1440 303 1507 Multo
324 1441 426 1526 magis
448 1447 555 1507 autem
578 1463 599 1506 5
620 1447 728 1506 vetere
742 1461 804 1506 usu
824 1441 956 1520 recedit,
978 1440 1063 1525 quod
1086 1441 1151 1506 iam
1172 1461 1262 1521 pere-

110 1547 201 1630 print
234 1565 361 1630 quoque
393 1543 426 1610 in
455 1567 623 1611 numerum
654 1545 850 1629 epheborum
880 1546 1003 1628 recepti
1031 1549 1123 1626 sunt,
1153 1544 1263 1627 quiin

112 1650 268 1734 catalogis
301 1648 422 1716 civibus
449 1651 565 1716 Atticis
602 1672 660 1735 per
689 1650 795 1716 tribus
827 1650 992 1733 dispositis
1015 1648 1261 1733 subiunguntur,

111 1755 221 1839 ibique
240 1755 349 1839 priore
379 1755 508 1840 quidem
538 1761 683 1839 tempore
711 1754 868 1820 vocabulo
889 1754 1022 1837 proprio
1044 1755 1130 1829 ξένοι
1152 1754 1259 1838 (inser.

118 1864 144 1924 1.
171 1865 206 1941 33
228 1861 262 1926 in
282 1861 379 1926 inser.
403 1865 423 1925 4
446 1860 515 1926 sola
543 1860 640 1925 litera
661 1860 695 1928 Ξ
712 1861 793 1943 555),
827 1864 941 1942 postea
962 1858 1175 1943 ἕπέγγραφυι,
1205 1858 1260 1922 ad-

114 1965 279 2048 scriptitii,
312 1965 501 2049 dicuntur—³)
525 1963 627 2047 (5.1.
652 1963 707 2028 Gr.
733 1968 807 2028 272.
831 1967 905 2028 275.
929 1967 1002 2028 277.
1027 1967 1101 2028 284.
1133 1962 1258 2026 mali.

111 2091 142 2153 p.
154 2073 228 2135 431.
247 2069 315 2152 Ἔφ.
327 2071 400 2153 α’ρχ.
416 2073 499 2134 3202
522 2069 591 2152 ab).
636 2068 816 2134 Huncvero
839 2088 962 2134 morem
982 2066 1151 2151 paullatim
1172 2069 1258 2135 iuva.

110 2173 220 2254 luisse,
239 2196 337 2258 quum
358 2175 460 2259 magis
480 2174 646 2257 magisque
668 2173 755 2238 fama
776 2173 945 2240 literarum
966 2178 1064 2257 atque
1094 2171 1259 2238 doctrinae

109 2280 240 2344 iuvenes
262 2280 448 2362 peregrinos
471 2277 613 2344 Athenas
635 2277 781 2357 duceret,
810 2276 885 2342 inde
913 2277 1139 2364 intelligimus,
1172 2276 1258 2362 quod

109 2387 143 2450 in
165 2384 392 2467 antiquissimo
413 2384 509 2450 titulo
531 2383 632 2467 Rang.
655 2405 685 2448 5.
703 2383 777 2448 993.
800 2403 896 2466 quem
917 2388 993 2448 ante
1015 2403 1134 2448 annum
1157 2387 1256 2448 2655.

110 2489 185 2555 Chr.
203 2489 429 2572 ‘compositum
459 2509 530 2555 esse
560 2488 714 2569 vidimus,
753 2487 894 2553 nondum
927 2487 1132 2554 inveniuntur
1165 2507 1257 2571 pere·

108 2595 249 2680 grini4),
281 2598 314 2659 et
335 2614 376 2659 ne
396 2595 430 2659 in
457 2594 571 2660 ceteris
603 2593 732 2677 quidem
753 2599 829 2657 5555
861 2594 1095 2675 imperatorum
1116 2597 1257 2658 aetatem

182 2863 208 2929 2)
227 2860 260 2914 15
277 2860 422 2930 plebiscito
440 2879 468 2913 n.
490 2864 513 2913 1.
532 2877 557 2914 v.
577 2862 622 2914 35.
641 2858 722 2930 CXL,
741 2877 770 2914 n.
789 2864 815 2914 4.
834 2878 860 2914 v.
878 2862 923 2914 45.
943 2859 1027 2915 CXLI
1053 2860 1152 2930 ephebi
1174 2862 1255 2916 husee

106 2951 247 3018 dicuntum
266 2951 295 3004 in
313 2950 436 3020 catalogo
455 2949 567 3003 15555.
591 2948 647 3002 fere
669 2947 803 3003 01111555
824 2949 919 3004 CLXX
937 2949 1045 3004 fuerunt
1071 2949 1192 3019 (CXLIX
1208 2971 1257 3007 no-

106 3039 182 3093 mina
206 3043 313 3094 servata
335 3040 418 3109 5555).
454 3037 615 3092 Posteriom's
640 3037 771 3107 temporis
794 3038 923 3107 permulti
948 3039 1117 3108 epheborum
1137 3042 1256 3112 catalogi

103 3128 299 3198 5515555555,
328 3145 442 3197 quorum
460 3128 584 3198 plerique
608 3145 751 3182 numerum
769 3127 850 3196 paulo
868 3127 1002 3182 minorem
1020 3128 1150 3184 exhibent
1167 3128 1198 3197 (C
1219 3159 1253 3169 —

107 3215 224 3285 CXXX).
260 3216 355 3271 Plures
379 3223 442 3272 sunt
460 3220 490 3274 0.
508 3218 531 3274 Ι.
549 3220 596 3274 Gr.
617 3223 680 3274 274.
698 3217 802 3288 (0011);
828 3217 927 3271 mirum
946 3233 1040 3271 verum
1059 3221 1115 3281 est,
1140 3221 1201 3272 «aa.
1220 3223 1253 3282 A,

106 3323 133 3374 p.
153 3307 206 3360 428
222 3321 281 3374 sqq.
300 3309 354 3364 484
369 3325 428 3378 sqq.
456 3309 636 3364 GCGLXXIII
662 3307 783 3362 eiusdem
808 3307 871 3362 anui
896 3306 1016 3376 ephebos
1032 3309 1181 3377 recenseri,
1208 3310 1254 3378 qui

105 3395 201 3448 titulus
219 3395 257 3449 Μ
276 3395 378 3450 Aurelii
401 3397 458 3452 fere
481 3403 607 3468 tempore
632 3402 756 3451 exaratus
785 3402 835 3451 est.
814 3397 973 3451 tContra
990 3397 1050 3449 dui.
1071 3403 1099 3450 Γ.
1119 3416 1147 3467 p.
1160 3401 1203 3453 60.
1223 3398 1252 3452 0.

105 3483 127 3535 Ι.
149 3483 196 3536 Gr.
213 3500 241 3536 n.
261 3486 323 3538 268.
342 3489 398 3539 tam
418 3487 508 3558 exigui
526 3487 632 3541 numeri
648 3490 720 3557 5555,
738 3489 769 3539 55
785 3503 840 3538 555
858 3489 952 3554 putem
970 3484 1006 3539 de
1024 3485 1154 3540 universis
1173 3486 1253 3555 ephe-

104 3572 156 3642 bis,
174 3571 221 3639 qui
237 3572 291 3626 11115
309 3575 384 3628 annis
403 3575 519 3641 fuerunt,
538 3575 714 3646 cogitandum
733 3590 799 3628 esse.

177 3663 204 3729 3)
224 3662 394 3717 Vocabulum
411 3666 628 3736 πρωιὲγγραᾳω,
646 3681 699 3733 quo
717 3661 770 3717 viri
787 3662 861 3716 docti
879 3661 1060 3717 Chandlerum
1075 3661 1161 3716 secuti
1178 3661 1251 3716 cives

103 3751 139 3803 ab
158 3749 280 3819 adscript
280 3750 336 3804 itiis
354 3751 408 3807 dist
396 3753 496 3808 tinctos
516 3771 574 3808 esse
592 3753 696 3821 dieunt,
715 3751 841 3819 equidem
853 3767 986 3819 nusquam
1003 3750 1033 3802 15
1046 3749 1132 3804 5155115
1150 3749 1250 3803 inveni.

103 3839 165 3890 ψιλ.
184 3845 213 3889 1'.
232 3855 260 3908 p.
279 3841 341 3893 555.
359 3840 486 3897 dicuntur
503 3843 622 3904 πολῖται,
649 3841 810 3910 plerumque
834 3844 945 3914 praeter
966 3838 1128 3892 vocabulum
1145 3838 1251 3892 univer-

102 3927 159 3980 sale
177 3927 272 3996 ἔφηροι
296 3927 364 3981 nihil
385 3929 599 4001 superscriptum
626 3933 676 3983 est.
711 3929 781 3983 Eam
800 3944 864 3982 vero
893 3927 1055 3982 sententiam
1073 3928 1108 3981 de
1126 3928 1152 3982 vi
1171 3944 1250 3982 voca-

101 4016 161 4070 buli
184 4017 367 4088 lnr'yypnqor,
392 4037 461 4088 quae
484 4035 557 4073 nune
584 4018 694 4073 invento
711 4017 740 4070 in
763 4009 957 4084 antiquioribus
984 4017 1072 4071 titulis
1095 4017 1178 4077 ξένων
1201 4035 1249 4070 no·
1291 4029 1300 4057 t

101 4106 175 4160 mine
193 4106 374 4176 comprobata
391 4114 441 4174 est,
458 4109 513 4162 iarn
527 4106 679 4162 Boeekhins
697 4109 884 4177 proposuerat,
902 4123 986 4174 quum
1003 4110 1050 4164 alii
1067 4110 1146 4164 aliter
1165 4109 1249 4178 expli·

100 4199 195 4249 carent
215 4193 252 4262 (v.
269 4195 373 4251 Krause
391 4198 412 4268 1,
431 4215 458 4268 p.
477 4199 541 4267 272)

174 4284 202 4354 4)
221 4284 330 4340 videtur
353 4289 427 4340 enim
451 4286 480 4339 in
497 4283 549 4338 fine
573 4284 647 4339 tituli
663 4287 726 4352 post
744 4284 877 4351 Κηφίσιος
895 4286 1089 4359 Κηφισοδήμου
1107 4286 1175 4342 nihil
1193 4301 1249 4338 am-

98 4373 170 4443 phus
187 4375 321 4444 scriptum
339 4376 429 4431 fuisse.
830 4417 833 4424 -

941 4478 960 4535 2
