3082 5076
767 325 854 416 „ro

265 498 332 572 est,
363 513 547 578 quanquam
570 493 668 559 etiam
687 494 721 558 in
743 493 793 558 his
822 493 920 559 rebus
942 492 1104 576 permulta
1133 494 1270 560 vanitati
1299 500 1333 561 et
1364 517 1418 561 os-

264 598 436 663 tentationi
457 598 630 664 tribuenda
652 605 735 683 sunt,
758 606 867 664 tamen
888 599 922 662 in
952 619 992 662 ea
1014 618 1091 664 cura
1123 603 1156 662 et
1185 597 1417 679 sollicitudine,

265 724 330 786 qua
359 708 430 769 tota
462 704 573 770 civitas
603 701 799 786 epheborum
829 700 938 767 studia
968 701 1175 786 prosequitur
1204 701 1256 789 (of.
1289 724 1360 786 cap.
1384 703 1418 768 Π

266 807 294 890 ξ.
322 808 438 895 lsqq.)
460 807 552 873 illum
574 806 783 871 humanitatis
815 826 942 870 sensum
968 806 1097 888 penitus
1125 806 1258 872 insitum
1279 806 1415 873 Atheni-

266 907 389 975 ensium
411 911 526 976 animis
549 931 723 995 agnoscere
740 909 831 990 licet,
856 907 912 993 qui
933 908 1044 974 virtuti
1066 909 1182 975 civium
1204 916 1237 975 et
1258 910 1415 993 reipubli-

266 1035 323 1079 cae
345 1015 508 1098 potentiae
529 1019 597 1080 tarn
623 1015 678 1080 diu
700 1019 864 1097 superstes
886 1013 962 1078 fuit:
992 1020 1024 1078 et
1046 1012 1080 1077 in
1102 1035 1141 1078 ea
1163 1016 1285 1097 pietate
1309 1021 1342 1082 et
1363 1037 1415 1082 re-

266 1119 395 1203 ligione,
420 1140 484 1202 qua
507 1117 622 1202 ephebi
645 1118 685 1184 ad
708 1124 838 1202 patrum
859 1117 1011 1183 instituta
1032 1123 1064 1182 et
1086 1138 1181 1183 sacra
1200 1118 1417 1197 observanda,

140 1311 144 1318 ¹
267 1222 309 1288 ad
330 1229 477 1306 patrum,
510 1221 667 1306 aquibus
696 1227 866 1305 tantopere
889 1220 1173 1304 degeneraverant,
1201 1223 1300 1288 sortia
1324 1223 1416 1291 facta

264 1324 461 1392 ‘celebranda
474 1325 741 1392 instituebantur
773 1326 817 1415 (v.
840 1346 909 1409 cap.
922 1324 966 1390 IV
989 1326 1016 1409 ᾗ.
1042 1329 1071 1408 2,
1098 1329 1213 1414 lsqq.)
1236 1331 1321 1396 inest
1354 1331 1414 1398 ali·

268 1430 343 1514 quid
366 1429 453 1513 quod
475 1431 598 1497 animos
620 1437 749 1498 nostros
767 1436 901 1497 moveat.
947 1429 1061 1513 Itaque
1083 1432 1251 1499 etiamtum
1266 1434 1415 1500 Athenae

267 1534 478 1601 humanitatis
500 1536 596 1602 laude
622 1533 795 1618 fforebant,
825 1537 873 1602 ita
895 1540 931 1600 ut
949 1535 1090 1618 undique
1112 1559 1130 1603 e
1153 1537 1320 1622 Graecia,·
1337 1562 1415 1606 mox

268 1642 365 1706 etiam
382 1641 494 1722 Roma,
519 1642 707 1707 advenirent
727 1643 857 1707 invenes
880 1641 936 1726 qui
957 1640 1153 1724 epheborum
1176 1645 1415 1710 exercitationi-

268 1746 328 1810 bus
351 1751 384 1811 et
406 1745 636 1814 certaminibus
657 1746 813 1811 interesse
836 1751 868 1812 et
889 1745 992 1819 literis
1022 1767 1153 1830 operam
1182 1748 1261 1814 dare
1282 1749 1413 1831 vellent,
1436 1753 1439 1758 ’

269 1856 301 1914 et
323 1870 439 1916 novum
467 1849 629 1933 quendam
653 1847 854 1932 splendorem
876 1849 1030 1934 ephebiae
1052 1851 1179 1916 Atticae
1207 1851 1413 1918 addiderunt.

355 1954 475 2020 Tamen
496 1953 707 2033 haecomnia,
732 1973 828 2035 quum
844 1945 946 2020 virtus
968 1954 1069 2020 civilis
1092 1957 1282 2039 evanuisset,
1305 1957 1415 2024 labem

269 2058 408 2124 civitatis
431 2058 533 2142 magis
554 2057 721 2140 magisque
747 2057 924 2124 irruentem
947 2059 1104 2125 sustinere
1133 2081 1198 2124 nou
1225 2067 1413 2144 potuerunt.

269 2164 358 2240 Quae
381 2185 444 2249 quo
473 2162 628 2228 vanitatis
650 2166 683 2227 et
712 2159 903 2227 humilitatis
934 2161 1105 2246 paullatim
1134 2165 1328 2248 processerit
1357 2166 1414 2231 de·

267 2271 451 2334 monstrant
473 2288 567 2333 sacra
580 2267 824 2351 imperatorum
844 2265 1078 2348 Romanorum,
1109 2289 1192 2351 quae
1214 2268 1256 2334 ab
1279 2269 1414 2353 ephebis

268 2391 393 2438 summa
415 2369 601 2436 adulatione
623 2370 870 2437 celebrabantur
887 2370 939 2458 (cf.
951 2370 996 2436 IV
1018 2371 1078 2455 §.2
1102 2371 1158 2457 B).'
1204 2371 1310 2450 Quare
1332 2373 1415 2438 mihi

218 2515 225 2530 ι
269 2476 397 2561 quidem
418 2495 481 2541 non
503 2474 687 2541 ‘dolendum
708 2474 851 2557 videtur,
881 2474 968 2560 quod
997 2475 1082 2540 circa
1111 2475 1239 2540 initium
1268 2477 1358 2542 tertii
1379 2500 1412 2560 p.

268 2581 325 2670 Ch.
348 2580 468 2646 saeculi
488 2581 551 2646 hae
573 2601 683 2648 omnes
714 2601 767 2646 res
796 2580 903 2646 subito
935 2599 977 2662 eu¹
1006 2578 1106 2645 oculis
1128 2580 1249 2645 nostris
1283 2580 1414 2646 subtra-

267 2685 439 2768 huntur*).

667 2869 804 2926 carus
829 2869 1008 2926 Paruum.

536 2999 593 3064 DE
615 2996 799 3064 ΕΡΗΕΒΙΑ
820 2993 864 3060 IN
888 2994 1144 3063 UNIVERSUM.

800 3165 828 3249 s.
853 3168 887 3246 1„

456 3303 496 3355 De
515 3289 680 3370 epheborum
699 3296 854 3352 conditione
871 3297 952 3369 civili,
970 3317 1098 3372 numero,
1116 3304 1224 3360 similia.

360 3423 386 3482 1.
430 3416 500 3482 Ηοο
520 3422 665 3497 tempore
687 3433 751 3478 non
771 3417 808 3477 ut
833 3422 930 3480 antea
960 3439 1068 3484 omnes
1092 3422 1192 3503 cives,
1229 3422 1285 3506 qui
1306 3421 1412 3508 legiti-

268 3543 354 3587 mam
376 3525 516 3587 aetatem
538 3517 686 3603 agebant,
708 3517 742 3581 in
760 3517 955 3601 epheborum
977 3542 1145 3590 numerum
1166 3533 1313 3610 receptos
1339 3537 1412 3596 esse

268 3624 522 3704 hominessdocti
545 3645 584 3688 ex
605 3622 719 3706 exiguo
740 3622 953 3706 epheborum,
985 3628 1040 3710 qui
1060 3628 1094 3694 in
1123 3631 1278 3715 catalogis
1300 3633 1411 3699 incisis

266 3730 471 3796 inveniuntur
492 3748 624 3793 numero
647 3726 843 3807 collegerunt
856 3725 890 3814 ¹).
934 3729 1017 3796 Nam
1046 3732 1139 3798 initio
1168 3734 1263 3800 huius
1293 3738 1412 3804 aetatis

267 3834 334 3899 fere
367 3837 495 3927 centum
522 3838 555 3898 et
582 3832 818 3917 quinquaginta
847 3833 964 3914 ephebi
993 3837 1165 3919 quotannis
1198 3837 1330 3905 inscribi
1360 3863 1410 3908 so·

267 3939 352 4019 lent,
381 3938 436 4022 qui
457 3958 609 4002 numerus
637 3941 752 4020 postea
781 3934 879 4001 etiam
908 3937 1075 4022 aliquanto
1103 3943 1274 4024 minuitur,
1309 3945 1411 4011 donec

337 4104 568 4176 amantissimi
591 4105 677 4176 tituli,
702 4105 731 4158 in
754 4106 850 4174 quibus
873 4107 1038 4176 epheborum
1066 4111 1168 4167 mentio
1191 4112 1222 4166 fit
1245 4130 1411 4184 quorumque

267 4194 460 4248 aetesomnino
479 4193 585 4248 definiri
595 4199 694 4265 potest,
713 4195 852 4249 Caracalla
868 4196 1033 4268 imperatore
1044 4200 1189 4271 compositi
1206 4217 1264 4254 esse
1275 4202 1410 4258 videntur.

341 4284 367 4353 1)
385 4282 497 4337 Boeolrh
513 4283 549 4337 ad
567 4285 597 4338 G.
614 4284 636 4338 I.
654 4285 701 4338 Gr.
719 4301 748 4338 n.
768 4288 832 4340 272.
872 4287 929 4341 lam
954 4289 1081 4344 Corsinus
1098 4289 1130 4344 F.
1147 4289 1180 4343 A.
1199 4289 1226 4342 Π
1243 4307 1271 4358 p.
1292 4295 1343 4345 145
1365 4309 1410 4346 ex·

266 4371 360 4440 ignum
379 4371 546 4440 epheborum
564 4389 706 4428 numerum
723 4375 836 4428 mhatus
854 4379 921 4429 erat.
