<?xml version="1.0" encoding="UTF-8"?>
<!DOCTYPE html PUBLIC "-//W3C//DTD XHTML 1.0 Transitional//EN"
    "http://www.w3.org/TR/xhtml1/DTD/xhtml1-transitional.dtd">
<html xmlns="http://www.w3.org/1999/xhtml" xml:lang="en" lang="en">
 <head>
  <title>
</title>
<meta http-equiv="Content-Type" content="text/html;charset=utf-8" />
  <meta name='ocr-system' content='tesseract 3.04.00' />
  <meta name='ocr-capabilities' content='ocr_page ocr_carea ocr_par ocr_line ocrx_word'/>
</head>
<body>
  <div class='ocr_page' id='page_1' title='image "./deephebisattici01dittgoog_0088.png"; bbox 0 0 3082 5076; ppageno 0'>
   <div class='ocr_carea' id='block_1_1' title="bbox 721 303 760 364">
    <p class='ocr_par' dir='ltr' id='par_1_1' title="bbox 721 303 760 364">
     <span class='ocr_line' id='line_1_1' title="bbox 721 303 760 364; baseline 0.077 -3"><span class='ocrx_word' id='word_1_1' title='bbox 721 303 760 364; x_wconf 80' lang='lat'><strong>77</strong></span> 
     </span>
    </p>
   </div>
   <div class='ocr_carea' id='block_1_2' title="bbox 161 455 1316 858">
    <p class='ocr_par' dir='ltr' id='par_1_2' title="bbox 161 455 1316 858">
     <span class='ocr_line' id='line_1_2' title="bbox 252 455 1316 559; baseline 0.023 -39"><span class='ocrx_word' id='word_1_2' title='bbox 252 455 436 526; x_wconf 78' lang='lat' dir='ltr'><strong>Abascants&#39;</strong></span> <span class='ocrx_word' id='word_1_3' title='bbox 458 459 598 529; x_wconf 89' lang='lat' dir='ltr'><strong>decimus</strong></span> <span class='ocrx_word' id='word_1_4' title='bbox 621 483 725 531; x_wconf 89' lang='lat' dir='ltr'><strong>annus</strong></span> <span class='ocrx_word' id='word_1_5' title='bbox 748 477 1017 538; x_wconf 80' lang='lat' dir='ltr'><strong>commemoratur</strong></span> <span class='ocrx_word' id='word_1_6' title='bbox 1043 475 1077 538; x_wconf 93' lang='lat' dir='ltr'><strong>in</strong></span> <span class='ocrx_word' id='word_1_7' title='bbox 1100 475 1196 542; x_wconf 89' lang='grc'>111616</span> <span class='ocrx_word' id='word_1_8' title='bbox 1218 479 1316 559; x_wconf 91' lang='lat' dir='ltr'><strong>primi</strong></span> 
     </span>
     <span class='ocr_line' id='line_1_3' title="bbox 164 556 1316 662; baseline 0.023 -42"><span class='ocrx_word' id='word_1_9' title='bbox 164 556 312 624; x_wconf 81' lang='lat' dir='ltr'><strong>fasciculi</strong></span> <span class='ocrx_word' id='word_1_10' title='bbox 342 564 453 645; x_wconf 86' lang='lat' dir='ltr'><strong>quarti</strong></span> <span class='ocrx_word' id='word_1_11' title='bbox 482 563 652 633; x_wconf 88' lang='lat' dir='ltr'><strong>voluminis</strong></span> <span class='ocrx_word' id='word_1_12' title='bbox 681 568 881 653; x_wconf 84' lang='lat' dir='ltr'><strong>Philistoris‚</strong></span> <span class='ocrx_word' id='word_1_13' title='bbox 914 574 970 639; x_wconf 92' lang='lat' dir='ltr'><strong>ubi</strong></span> <span class='ocrx_word' id='word_1_14' title='bbox 1000 596 1078 642; x_wconf 87' lang='lat' dir='ltr'><strong>casu</strong></span> <span class='ocrx_word' id='word_1_15' title='bbox 1107 579 1249 662; x_wconf 91' lang='lat' dir='ltr'><strong>quodam</strong></span> <span class='ocrx_word' id='word_1_16' title='bbox 1277 603 1316 648; x_wconf 88' lang='grc'><strong>66</strong></span> 
     </span>
     <span class='ocr_line' id='line_1_4' title="bbox 161 661 1311 763; baseline 0.023 -39"><span class='ocrx_word' id='word_1_17' title='bbox 161 661 265 728; x_wconf 84' lang='lat' dir='ltr'><strong>rerba</strong></span> <span class='ocrx_word' id='word_1_18' title='bbox 287 665 475 732; x_wconf 87' lang='lat' dir='ltr'><strong>exciderunt</strong></span> <span class='ocrx_word' id='word_1_19' title='bbox 497 667 716 753; x_wconf 83' lang='lat' dir='ltr'><strong>(Cumanudes</strong></span> <span class='ocrx_word' id='word_1_20' title='bbox 741 676 813 740; x_wconf 67' lang='lat' dir='ltr'><strong>usa.</strong></span> <span class='ocrx_word' id='word_1_21' title='bbox 830 685 860 742; x_wconf 99' lang='lat' dir='ltr'><em>A</em></span> <span class='ocrx_word' id='word_1_22' title='bbox 879 700 909 763; x_wconf 91' lang='lat' dir='ltr'><strong>p.</strong></span> <span class='ocrx_word' id='word_1_23' title='bbox 940 684 1013 762; x_wconf 89' lang='grc'>168)</span> <span class='ocrx_word' id='word_1_24' title='bbox 1038 682 1205 750; x_wconf 88' lang='lat' dir='ltr'><strong>vicesimus</strong></span> <span class='ocrx_word' id='word_1_25' title='bbox 1228 687 1311 750; x_wconf 89' lang='lat' dir='ltr'><strong>eius·</strong></span> 
     </span>
     <span class='ocr_line' id='line_1_5' title="bbox 164 767 765 858; baseline 0.022 -28"><span class='ocrx_word' id='word_1_26' title='bbox 164 767 240 834; x_wconf 91' lang='lat' dir='ltr'><strong>dem</strong></span> <span class='ocrx_word' id='word_1_27' title='bbox 263 789 369 837; x_wconf 86' lang='lat' dir='ltr'><strong>annus</strong></span> <span class='ocrx_word' id='word_1_28' title='bbox 394 771 467 835; x_wconf 81' lang='grc' dir='ltr'><strong>Φιλ.</strong></span> <span class='ocrx_word' id='word_1_29' title='bbox 489 779 520 835; x_wconf 96' lang='lat' dir='ltr'><em>A</em></span> <span class='ocrx_word' id='word_1_30' title='bbox 539 795 571 858; x_wconf 91' lang='lat' dir='ltr'><strong>p.</strong></span> <span class='ocrx_word' id='word_1_31' title='bbox 596 779 659 842; x_wconf 90' lang='grc'><strong>286</strong></span> <span class='ocrx_word' id='word_1_32' title='bbox 682 801 710 842; x_wconf 90' lang='lat' dir='ltr'><strong>v.</strong></span> <span class='ocrx_word' id='word_1_33' title='bbox 737 785 765 845; x_wconf 86' lang='lat'><strong>9.</strong></span> 
     </span>
    </p>
   </div>
   <div class='ocr_carea' id='block_1_3' title="bbox 158 873 1312 1077">
    <p class='ocr_par' dir='ltr' id='par_1_3' title="bbox 158 873 1312 1077">
     <span class='ocr_line' id='line_1_6' title="bbox 252 873 1312 960; baseline 0.019 -20"><span class='ocrx_word' id='word_1_34' title='bbox 252 873 403 942; x_wconf 85' lang='lat' dir='ltr'><strong>Ceterum</strong></span> <span class='ocrx_word' id='word_1_35' title='bbox 434 878 468 942; x_wconf 93' lang='lat' dir='ltr'><strong>in</strong></span> <span class='ocrx_word' id='word_1_36' title='bbox 498 879 682 946; x_wconf 88' lang='lat' dir='ltr'><strong>universum</strong></span> <span class='ocrx_word' id='word_1_37' title='bbox 715 903 735 948; x_wconf 92' lang='lat' dir='ltr'><strong>a</strong></span> <span class='ocrx_word' id='word_1_38' title='bbox 767 887 929 954; x_wconf 87' lang='lat' dir='ltr'><strong>Boeckhio</strong></span> <span class='ocrx_word' id='word_1_39' title='bbox 960 889 1135 954; x_wconf 82' lang='lat' dir='ltr'><strong>Abascanti</strong></span> <span class='ocrx_word' id='word_1_40' title='bbox 1170 897 1312 960; x_wconf 87' lang='lat' dir='ltr'><strong>aetatem</strong></span> 
     </span>
     <span class='ocr_line' id='line_1_7' title="bbox 158 979 1309 1077; baseline 0.021 -37"><span class='ocrx_word' id='word_1_41' title='bbox 158 982 249 1042; x_wconf 86' lang='lat' dir='ltr'><strong>recte</strong></span> <span class='ocrx_word' id='word_1_42' title='bbox 272 979 437 1046; x_wconf 88' lang='lat' dir='ltr'><strong>definitam</strong></span> <span class='ocrx_word' id='word_1_43' title='bbox 460 1000 547 1063; x_wconf 88' lang='lat' dir='ltr'><strong>esse,</strong></span> <span class='ocrx_word' id='word_1_44' title='bbox 582 987 770 1070; x_wconf 85' lang='lat' dir='ltr'><strong>comprobat</strong></span> <span class='ocrx_word' id='word_1_45' title='bbox 798 991 914 1058; x_wconf 88' lang='lat' dir='ltr'><strong>titulus</strong></span> <span class='ocrx_word' id='word_1_46' title='bbox 939 991 1013 1056; x_wconf 77' lang='grc'>(161.</span> <span class='ocrx_word' id='word_1_47' title='bbox 1034 997 1066 1056; x_wconf 88' lang='grc' dir='ltr'><em>Δ</em></span> <span class='ocrx_word' id='word_1_48' title='bbox 1083 1015 1115 1077; x_wconf 92' lang='lat' dir='ltr'><strong>p.</strong></span> <span class='ocrx_word' id='word_1_49' title='bbox 1143 999 1221 1076; x_wconf 89' lang='grc'>164,</span> <span class='ocrx_word' id='word_1_50' title='bbox 1257 1000 1309 1064; x_wconf 89' lang='grc'><strong>661</strong></span> 
     </span>
    </p>
   </div>
   <div class='ocr_carea' id='block_1_4' title="bbox 147 1084 1397 4511">
    <p class='ocr_par' dir='ltr' id='par_1_4' title="bbox 158 1084 1305 1354">
     <span class='ocr_line' id='line_1_8' title="bbox 158 1084 1303 1182; baseline 0.018 -37"><span class='ocrx_word' id='word_1_51' title='bbox 158 1084 416 1167; x_wconf 89' lang='lat' dir='ltr'><strong>superscriptum</strong></span> <span class='ocrx_word' id='word_1_52' title='bbox 454 1092 505 1151; x_wconf 89' lang='lat' dir='ltr'><strong>est</strong></span> <span class='ocrx_word' id='word_1_53' title='bbox 547 1085 662 1180; x_wconf 73' lang='grc' dir='ltr'><strong><em>ἀναθῇ</em></strong></span> <span class='ocrx_word' id='word_1_54' title='bbox 701 1094 777 1182; x_wconf 74' lang='grc' dir='ltr'><strong><em>τιίχχ</em></strong></span> <span class='ocrx_word' id='word_1_55' title='bbox 818 1094 1050 1182; x_wconf 71' lang='grc' dir='ltr'><strong><em>αὐτοκράτορος</em></strong></span> <span class='ocrx_word' id='word_1_56' title='bbox 1079 1095 1303 1178; x_wconf 77' lang='grc' dir='ltr'><strong><em>Ἀντωνείνον,</em></strong></span> 
     </span>
     <span class='ocr_line' id='line_1_9' title="bbox 158 1187 1305 1289; baseline 0.018 -40"><span class='ocrx_word' id='word_1_57' title='bbox 158 1205 260 1266; x_wconf 90' lang='lat' dir='ltr'><strong>quum</strong></span> <span class='ocrx_word' id='word_1_58' title='bbox 296 1187 331 1262; x_wconf 83' lang='lat' dir='ltr'><strong>in</strong></span> <span class='ocrx_word' id='word_1_59' title='bbox 375 1209 414 1254; x_wconf 89' lang='lat' dir='ltr'><strong>eo</strong></span> <span class='ocrx_word' id='word_1_60' title='bbox 446 1190 651 1260; x_wconf 80' lang='lat' dir='ltr'><strong>Abascantos</strong></span> <span class='ocrx_word' id='word_1_61' title='bbox 682 1205 835 1280; x_wconf 87' lang='lat' dir='ltr'><strong>quartum</strong></span> <span class='ocrx_word' id='word_1_62' title='bbox 878 1221 996 1266; x_wconf 91' lang='lat' dir='ltr'><strong>annum</strong></span> <span class='ocrx_word' id='word_1_63' title='bbox 1038 1221 1169 1268; x_wconf 83' lang='lat' dir='ltr'><strong>munere</strong></span> <span class='ocrx_word' id='word_1_64' title='bbox 1202 1203 1305 1289; x_wconf 86' lang='lat' dir='ltr'><strong>lungi-</strong></span> 
     </span>
     <span class='ocr_line' id='line_1_10' title="bbox 161 1288 302 1354; baseline 0 -2"><span class='ocrx_word' id='word_1_65' title='bbox 161 1288 302 1354; x_wconf 88' lang='lat' dir='ltr'><strong>dicatur.</strong></span> 
     </span>
    </p>

    <p class='ocr_par' dir='ltr' id='par_1_5' title="bbox 157 1393 1397 1700">
     <span class='ocr_line' id='line_1_11' title="bbox 253 1393 1397 1492; baseline 0.013 -30"><span class='ocrx_word' id='word_1_66' title='bbox 253 1395 351 1462; x_wconf 77' lang='lat' dir='ltr'><strong>Grato</strong></span> <span class='ocrx_word' id='word_1_67' title='bbox 380 1418 466 1464; x_wconf 89' lang='lat' dir='ltr'><strong>nunc</strong></span> <span class='ocrx_word' id='word_1_68' title='bbox 499 1398 625 1466; x_wconf 87' lang='lat' dir='ltr'><strong>duobus</strong></span> <span class='ocrx_word' id='word_1_69' title='bbox 661 1401 732 1468; x_wconf 90' lang='lat' dir='ltr'><strong>aliis</strong></span> <span class='ocrx_word' id='word_1_70' title='bbox 763 1405 843 1472; x_wconf 89' lang='lat' dir='ltr'><strong>locis</strong></span> <span class='ocrx_word' id='word_1_71' title='bbox 874 1393 1313 1492; x_wconf 76' lang='grc' dir='ltr'>666666666166(Φιλ.Δ</span> <span class='ocrx_word' id='word_1_72' title='bbox 1392 1432 1397 1441; x_wconf 84' lang='lat'>·</span> 
     </span>
     <span class='ocr_line' id='line_1_12' title="bbox 157 1503 1309 1600; baseline 0.014 -38"><span class='ocrx_word' id='word_1_73' title='bbox 157 1521 191 1582; x_wconf 94' lang='lat' dir='ltr'><strong>p.</strong></span> <span class='ocrx_word' id='word_1_74' title='bbox 220 1503 280 1564; x_wconf 89' lang='grc'><strong>168</strong></span> <span class='ocrx_word' id='word_1_75' title='bbox 304 1520 355 1566; x_wconf 90' lang='lat' dir='ltr'><strong>nr.</strong></span> <span class='ocrx_word' id='word_1_76' title='bbox 381 1506 410 1580; x_wconf 81' lang='lat'><strong>3.</strong></span> <span class='ocrx_word' id='word_1_77' title='bbox 437 1507 500 1567; x_wconf 89' lang='grc'><strong>344</strong></span> <span class='ocrx_word' id='word_1_78' title='bbox 522 1523 573 1568; x_wconf 89' lang='lat' dir='ltr'><strong>nr.</strong></span> <span class='ocrx_word' id='word_1_79' title='bbox 597 1505 631 1589; x_wconf 82' lang='lat'><strong>4)</strong></span> <span class='ocrx_word' id='word_1_80' title='bbox 654 1506 710 1571; x_wconf 90' lang='lat' dir='ltr'><strong>ubi</strong></span> <span class='ocrx_word' id='word_1_81' title='bbox 743 1512 925 1577; x_wconf 79' lang='lat' dir='ltr'><strong>accuratius</strong></span> <span class='ocrx_word' id='word_1_82' title='bbox 955 1511 1072 1578; x_wconf 86' lang='lat' dir='ltr'><strong>dicitur</strong></span> <span class='ocrx_word' id='word_1_83' title='bbox 1094 1510 1176 1595; x_wconf 75' lang='lat' dir='ltr'><strong>Adq.</strong></span> <span class='ocrx_word' id='word_1_84' title='bbox 1202 1519 1309 1600; x_wconf 81' lang='grc' dir='ltr'><strong><em>Σερα-</em></strong></span> 
     </span>
     <span class='ocr_line' id='line_1_13' title="bbox 157 1603 1079 1700; baseline 0.015 -34"><span class='ocrx_word' id='word_1_85' title='bbox 157 1606 246 1667; x_wconf 77' lang='grc' dir='ltr'><strong><em>πίων</em></strong></span> <span class='ocrx_word' id='word_1_86' title='bbox 270 1603 289 1668; x_wconf 83' lang='grc' dir='ltr'>ὁ</span> <span class='ocrx_word' id='word_1_87' title='bbox 314 1609 369 1668; x_wconf 80' lang='grc' dir='ltr'><strong><em>καὶ</em></strong></span> <span class='ocrx_word' id='word_1_88' title='bbox 392 1611 547 1691; x_wconf 69' lang='grc' dir='ltr'><strong><em>Κράτωνι</em></strong></span> <span class='ocrx_word' id='word_1_89' title='bbox 568 1610 630 1678; x_wconf 91' lang='lat' dir='ltr'><strong>hoc</strong></span> <span class='ocrx_word' id='word_1_90' title='bbox 652 1633 717 1678; x_wconf 93' lang='lat' dir='ltr'><strong>non</strong></span> <span class='ocrx_word' id='word_1_91' title='bbox 739 1620 788 1680; x_wconf 88' lang='lat' dir='ltr'><strong>cst</strong></span> <span class='ocrx_word' id='word_1_92' title='bbox 810 1616 873 1681; x_wconf 90' lang='lat' dir='ltr'><strong>nisi</strong></span> <span class='ocrx_word' id='word_1_93' title='bbox 894 1636 1079 1700; x_wconf 88' lang='lat' dir='ltr'><strong>cognomen.</strong></span> 
     </span>
    </p>

    <p class='ocr_par' dir='ltr' id='par_1_6' title="bbox 154 1709 1306 2220">
     <span class='ocr_line' id='line_1_14' title="bbox 245 1709 1303 1805; baseline 0.015 -33"><span class='ocrx_word' id='word_1_94' title='bbox 245 1709 415 1790; x_wconf 78' lang='lat' dir='ltr'><strong>Epictetus</strong></span> <span class='ocrx_word' id='word_1_95' title='bbox 449 1712 623 1780; x_wconf 77' lang='lat' dir='ltr'><strong>Philerotis</strong></span> <span class='ocrx_word' id='word_1_96' title='bbox 655 1715 867 1800; x_wconf 75' lang='grc'>66616166</span> <span class='ocrx_word' id='word_1_97' title='bbox 900 1721 998 1784; x_wconf 89' lang='lat' dir='ltr'><strong>etiam</strong></span> <span class='ocrx_word' id='word_1_98' title='bbox 1031 1719 1103 1783; x_wconf 79' lang='lat' dir='ltr'><strong>ma</strong></span> <span class='ocrx_word' id='word_1_99' title='bbox 1126 1727 1156 1784; x_wconf 99' lang='lat' dir='ltr'><em>A</em></span> <span class='ocrx_word' id='word_1_100' title='bbox 1184 1743 1217 1805; x_wconf 91' lang='lat' dir='ltr'><strong>p.</strong></span> <span class='ocrx_word' id='word_1_101' title='bbox 1242 1727 1303 1789; x_wconf 84' lang='grc'><strong>272</strong></span> 
     </span>
     <span class='ocr_line' id='line_1_15' title="bbox 156 1814 1306 1900; baseline 0.013 -25"><span class='ocrx_word' id='word_1_102' title='bbox 156 1836 187 1876; x_wconf 88' lang='lat' dir='ltr'><strong>v.</strong></span> <span class='ocrx_word' id='word_1_103' title='bbox 216 1817 253 1876; x_wconf 95' lang='grc'><strong>12</strong></span> <span class='ocrx_word' id='word_1_104' title='bbox 286 1814 481 1896; x_wconf 82' lang='lat' dir='ltr'><strong>paedotriba</strong></span> <span class='ocrx_word' id='word_1_105' title='bbox 503 1824 571 1900; x_wconf 81' lang='lat' dir='ltr'><strong>est3</strong></span> <span class='ocrx_word' id='word_1_106' title='bbox 604 1820 638 1886; x_wconf 92' lang='lat' dir='ltr'><strong>in</strong></span> <span class='ocrx_word' id='word_1_107' title='bbox 669 1821 780 1887; x_wconf 88' lang='lat' dir='ltr'><strong>eodem</strong></span> <span class='ocrx_word' id='word_1_108' title='bbox 809 1823 905 1888; x_wconf 90' lang='lat' dir='ltr'><strong>titulo</strong></span> <span class='ocrx_word' id='word_1_109' title='bbox 928 1825 1135 1889; x_wconf 78' lang='lat' dir='ltr'><strong>Nicostratus</strong></span> <span class='ocrx_word' id='word_1_110' title='bbox 1157 1825 1262 1890; x_wconf 89' lang='lat' dir='ltr'><strong>Hilari</strong></span> <span class='ocrx_word' id='word_1_111' title='bbox 1284 1826 1306 1890; x_wconf 85' lang='lat' dir='ltr'><strong>f.</strong></span> 
     </span>
     <span class='ocr_line' id='line_1_16' title="bbox 155 1917 1305 2013; baseline 0.013 -32"><span class='ocrx_word' id='word_1_112' title='bbox 155 1917 355 1992; x_wconf 77' lang='lat' dir='ltr'><strong>Pellenensis</strong></span> <span class='ocrx_word' id='word_1_113' title='bbox 379 1920 667 2004; x_wconf 86' lang='lat' dir='ltr'><strong>hypopaedotriba.</strong></span> <span class='ocrx_word' id='word_1_114' title='bbox 714 1925 840 2004; x_wconf 82' lang='lat' dir='ltr'><strong>Quare</strong></span> <span class='ocrx_word' id='word_1_115' title='bbox 870 1928 1124 1994; x_wconf 87' lang='lat' dir='ltr'><strong>luculentissime</strong></span> <span class='ocrx_word' id='word_1_116' title='bbox 1147 1949 1186 1994; x_wconf 90' lang='grc'><strong>66</strong></span> <span class='ocrx_word' id='word_1_117' title='bbox 1208 1950 1305 2013; x_wconf 90' lang='lat' dir='ltr'><strong>quam</strong></span> 
     </span>
     <span class='ocr_line' id='line_1_17' title="bbox 156 2023 1302 2116; baseline 0.01 -28"><span class='ocrx_word' id='word_1_118' title='bbox 156 2044 220 2107; x_wconf 91' lang='lat' dir='ltr'><strong>ego</strong></span> <span class='ocrx_word' id='word_1_119' title='bbox 242 2023 396 2088; x_wconf 89' lang='lat' dir='ltr'><strong>constitui</strong></span> <span class='ocrx_word' id='word_1_120' title='bbox 425 2025 512 2090; x_wconf 90' lang='lat' dir='ltr'><strong>inter</strong></span> <span class='ocrx_word' id='word_1_121' title='bbox 534 2032 707 2112; x_wconf 88' lang='lat' dir='ltr'><strong>utrumque</strong></span> <span class='ocrx_word' id='word_1_122' title='bbox 729 2033 884 2116; x_wconf 91' lang='lat' dir='ltr'><strong>temporis</strong></span> <span class='ocrx_word' id='word_1_123' title='bbox 906 2033 1008 2113; x_wconf 84' lang='lat' dir='ltr'><strong>ratio,</strong></span> <span class='ocrx_word' id='word_1_124' title='bbox 1038 2037 1076 2096; x_wconf 92' lang='lat' dir='ltr'><strong>ut</strong></span> <span class='ocrx_word' id='word_1_125' title='bbox 1098 2032 1302 2100; x_wconf 87' lang='lat' dir='ltr'><strong>Nicostratus</strong></span> 
     </span>
     <span class='ocr_line' id='line_1_18' title="bbox 154 2127 1237 2220; baseline 0.01 -28"><span class='ocrx_word' id='word_1_126' title='bbox 154 2127 306 2212; x_wconf 86' lang='lat' dir='ltr'><strong>Epicteto</strong></span> <span class='ocrx_word' id='word_1_127' title='bbox 327 2127 362 2192; x_wconf 94' lang='lat' dir='ltr'><strong>in</strong></span> <span class='ocrx_word' id='word_1_128' title='bbox 383 2128 596 2211; x_wconf 87' lang='lat' dir='ltr'><strong>paedotribae</strong></span> <span class='ocrx_word' id='word_1_129' title='bbox 618 2154 750 2201; x_wconf 88' lang='lat' dir='ltr'><strong>munere</strong></span> <span class='ocrx_word' id='word_1_130' title='bbox 772 2138 973 2218; x_wconf 85' lang='lat' dir='ltr'><strong>successerit,</strong></span> <span class='ocrx_word' id='word_1_131' title='bbox 998 2136 1237 2220; x_wconf 88' lang='lat' dir='ltr'><strong>comprobatur.</strong></span> 
     </span>
    </p>

    <p class='ocr_par' dir='ltr' id='par_1_7' title="bbox 153 2230 1303 2528">
     <span class='ocr_line' id='line_1_19' title="bbox 243 2230 1303 2320; baseline 0.011 -25"><span class='ocrx_word' id='word_1_132' title='bbox 243 2230 286 2296; x_wconf 88' lang='lat' dir='ltr'><strong>ad</strong></span> <span class='ocrx_word' id='word_1_133' title='bbox 316 2253 349 2315; x_wconf 93' lang='lat' dir='ltr'><strong>p.</strong></span> <span class='ocrx_word' id='word_1_134' title='bbox 375 2237 427 2298; x_wconf 87' lang='lat'><strong>46.</strong></span> <span class='ocrx_word' id='word_1_135' title='bbox 482 2233 663 2302; x_wconf 88' lang='lat' dir='ltr'><strong>Obscurum</strong></span> <span class='ocrx_word' id='word_1_136' title='bbox 694 2237 773 2306; x_wconf 90' lang='lat' dir='ltr'><strong>illud</strong></span> <span class='ocrx_word' id='word_1_137' title='bbox 812 2241 1018 2320; x_wconf 84' lang='lat' dir='ltr'><strong>scenarchiac</strong></span> <span class='ocrx_word' id='word_1_138' title='bbox 1051 2261 1167 2306; x_wconf 87' lang='lat' dir='ltr'><strong>munus</strong></span> <span class='ocrx_word' id='word_1_139' title='bbox 1205 2241 1303 2306; x_wconf 91' lang='lat' dir='ltr'><strong>etiam</strong></span> 
     </span>
     <span class='ocr_line' id='line_1_20' title="bbox 157 2334 1302 2432; baseline 0.009 -36"><span class='ocrx_word' id='word_1_140' title='bbox 157 2334 235 2402; x_wconf 77' lang='grc' dir='ltr'><strong>Φιλ.</strong></span> <span class='ocrx_word' id='word_1_141' title='bbox 257 2340 287 2400; x_wconf 91' lang='lat' dir='ltr'><em>A</em></span> <span class='ocrx_word' id='word_1_142' title='bbox 313 2341 433 2420; x_wconf 87' lang='grc'>6267</span> <span class='ocrx_word' id='word_1_143' title='bbox 464 2364 493 2406; x_wconf 85' lang='lat' dir='ltr'><strong>v.</strong></span> <span class='ocrx_word' id='word_1_144' title='bbox 518 2347 559 2408; x_wconf 89' lang='grc'><strong>46</strong></span> <span class='ocrx_word' id='word_1_145' title='bbox 592 2352 863 2412; x_wconf 88' lang='lat' dir='ltr'><strong>commemoratur</strong></span> <span class='ocrx_word' id='word_1_146' title='bbox 896 2345 1006 2432; x_wconf 81' lang='grc' dir='ltr'>(,,να]1</span> <span class='ocrx_word' id='word_1_147' title='bbox 1041 2343 1302 2430; x_wconf 52' lang='lat' dir='ltr'><strong>desquamata]</strong></span> 
     </span>
     <span class='ocr_line' id='line_1_21' title="bbox 153 2441 387 2528; baseline 0.009 -24"><span class='ocrx_word' id='word_1_148' title='bbox 153 2441 279 2528; x_wconf 78' lang='grc' dir='ltr'><strong><em>ἡμέρας</em></strong></span> <span class='ocrx_word' id='word_1_149' title='bbox 296 2455 387 2528; x_wconf 78' lang='grc' dir='ltr'><strong><em>τρεῖς.</em></strong></span> 
     </span>
    </p>

    <p class='ocr_par' dir='ltr' id='par_1_8' title="bbox 151 2546 1304 3468">
     <span class='ocr_line' id='line_1_22' title="bbox 243 2546 1303 2634; baseline 0.005 -23"><span class='ocrx_word' id='word_1_150' title='bbox 243 2546 286 2612; x_wconf 86' lang='grc'><strong>66</strong></span> <span class='ocrx_word' id='word_1_151' title='bbox 307 2569 339 2630; x_wconf 92' lang='lat' dir='ltr'><strong>p.</strong></span> <span class='ocrx_word' id='word_1_152' title='bbox 364 2552 415 2612; x_wconf 89' lang='grc'><strong>62.</strong></span> <span class='ocrx_word' id='word_1_153' title='bbox 460 2549 700 2634; x_wconf 87' lang='lat' dir='ltr'><strong>Grasbergerus</strong></span> <span class='ocrx_word' id='word_1_154' title='bbox 722 2573 754 2634; x_wconf 95' lang='grc'><strong>6.</strong></span> <span class='ocrx_word' id='word_1_155' title='bbox 781 2555 819 2616; x_wconf 90' lang='lat'><strong>16</strong></span> <span class='ocrx_word' id='word_1_156' title='bbox 848 2552 882 2616; x_wconf 91' lang='grc'><strong>16</strong></span> <span class='ocrx_word' id='word_1_157' title='bbox 903 2551 1087 2616; x_wconf 85' lang='lat' dir='ltr'><strong>universum</strong></span> <span class='ocrx_word' id='word_1_158' title='bbox 1111 2550 1241 2634; x_wconf 85' lang='lat' dir='ltr'><strong>quidem</strong></span> <span class='ocrx_word' id='word_1_159' title='bbox 1263 2549 1303 2616; x_wconf 86' lang='lat' dir='ltr'><strong>de</strong></span> 
     </span>
     <span class='ocr_line' id='line_1_23' title="bbox 153 2654 1301 2738; baseline 0 -19"><span class='ocrx_word' id='word_1_160' title='bbox 153 2654 321 2720; x_wconf 83' lang='lat' dir='ltr'><strong>vocabulis</strong></span> <span class='ocrx_word' id='word_1_161' title='bbox 364 2656 480 2738; x_wconf 84' lang='grc' dir='ltr'><strong><em>ἤραντο</em></strong></span> <span class='ocrx_word' id='word_1_162' title='bbox 518 2655 591 2726; x_wconf 71' lang='grc' dir='ltr'><strong>τούς</strong></span> <span class='ocrx_word' id='word_1_163' title='bbox 628 2657 707 2731; x_wconf 73' lang='grc' dir='ltr'><strong><em>βοῦς</em></strong></span> <span class='ocrx_word' id='word_1_164' title='bbox 750 2654 947 2720; x_wconf 82' lang='lat' dir='ltr'><strong>Artemidori</strong></span> <span class='ocrx_word' id='word_1_165' title='bbox 986 2655 1056 2722; x_wconf 93' lang='lat' dir='ltr'><strong>loco</strong></span> <span class='ocrx_word' id='word_1_166' title='bbox 1099 2655 1301 2722; x_wconf 76' lang='lat' dir='ltr'><strong>illustra-ndis</strong></span> 
     </span>
     <span class='ocr_line' id='line_1_24' title="bbox 154 2757 1304 2844; baseline 0.003 -21"><span class='ocrx_word' id='word_1_167' title='bbox 154 2779 228 2824; x_wconf 89' lang='lat' dir='ltr'><strong>cum</strong></span> <span class='ocrx_word' id='word_1_168' title='bbox 253 2757 366 2824; x_wconf 84' lang='lat' dir='ltr'><strong>Curtio</strong></span> <span class='ocrx_word' id='word_1_169' title='bbox 389 2760 568 2839; x_wconf 84' lang='lat' dir='ltr'><strong>consentit,</strong></span> <span class='ocrx_word' id='word_1_170' title='bbox 593 2759 647 2824; x_wconf 89' lang='lat' dir='ltr'><strong>sed</strong></span> <span class='ocrx_word' id='word_1_171' title='bbox 671 2764 781 2824; x_wconf 89' lang='lat' dir='ltr'><strong>tamen</strong></span> <span class='ocrx_word' id='word_1_172' title='bbox 803 2759 908 2824; x_wconf 89' lang='lat' dir='ltr'><strong>minus</strong></span> <span class='ocrx_word' id='word_1_173' title='bbox 937 2767 1089 2826; x_wconf 89' lang='lat' dir='ltr'><strong>accurate</strong></span> <span class='ocrx_word' id='word_1_174' title='bbox 1119 2760 1160 2826; x_wconf 90' lang='lat' dir='ltr'><strong>de</strong></span> <span class='ocrx_word' id='word_1_175' title='bbox 1186 2761 1304 2844; x_wconf 82' lang='lat' dir='ltr'><strong>pugnis</strong></span> 
     </span>
     <span class='ocr_line' id='line_1_25' title="bbox 153 2861 1303 2948; baseline 0.001 -21"><span class='ocrx_word' id='word_1_176' title='bbox 153 2883 227 2928; x_wconf 91' lang='lat' dir='ltr'><strong>cnm</strong></span> <span class='ocrx_word' id='word_1_177' title='bbox 249 2865 353 2928; x_wconf 89' lang='lat' dir='ltr'><strong>tauris</strong></span> <span class='ocrx_word' id='word_1_178' title='bbox 376 2863 555 2928; x_wconf 89' lang='lat' dir='ltr'><strong>commissis</strong></span> <span class='ocrx_word' id='word_1_179' title='bbox 585 2861 648 2927; x_wconf 89' lang='lat' dir='ltr'><strong>dici</strong></span> <span class='ocrx_word' id='word_1_180' title='bbox 677 2866 789 2945; x_wconf 88' lang='lat' dir='ltr'><strong>putat,</strong></span> <span class='ocrx_word' id='word_1_181' title='bbox 820 2883 920 2944; x_wconf 89' lang='lat' dir='ltr'><strong>quum</strong></span> <span class='ocrx_word' id='word_1_182' title='bbox 940 2866 1044 2948; x_wconf 88' lang='lat' dir='ltr'><strong>magis</strong></span> <span class='ocrx_word' id='word_1_183' title='bbox 1074 2864 1113 2929; x_wconf 94' lang='grc'><strong>66</strong></span> <span class='ocrx_word' id='word_1_184' title='bbox 1135 2865 1239 2929; x_wconf 86' lang='lat' dir='ltr'><strong>tauris</strong></span> <span class='ocrx_word' id='word_1_185' title='bbox 1261 2863 1303 2928; x_wconf 93' lang='lat' dir='ltr'><strong>ad</strong></span> 
     </span>
     <span class='ocr_line' id='line_1_26' title="bbox 152 2965 1302 3052; baseline -0.001 -19"><span class='ocrx_word' id='word_1_186' title='bbox 152 2987 243 3033; x_wconf 84' lang='lat' dir='ltr'><strong>aram</strong></span> <span class='ocrx_word' id='word_1_187' title='bbox 279 2966 492 3051; x_wconf 88' lang='lat' dir='ltr'><strong>apportandis</strong></span> <span class='ocrx_word' id='word_1_188' title='bbox 515 2971 642 3049; x_wconf 81' lang='lat' dir='ltr'><strong>agatur.</strong></span> <span class='ocrx_word' id='word_1_189' title='bbox 698 2965 790 3044; x_wconf 80' lang='lat' dir='ltr'><strong>Quod</strong></span> <span class='ocrx_word' id='word_1_190' title='bbox 824 2965 903 3030; x_wconf 90' lang='lat' dir='ltr'><strong>mihi</strong></span> <span class='ocrx_word' id='word_1_191' title='bbox 932 2973 1106 3051; x_wconf 86' lang='lat' dir='ltr'><strong>propterea</strong></span> <span class='ocrx_word' id='word_1_192' title='bbox 1134 2969 1302 3052; x_wconf 84' lang='lat' dir='ltr'><strong>probatur,</strong></span> 
     </span>
     <span class='ocr_line' id='line_1_27' title="bbox 152 3070 1301 3157; baseline -0.003 -18"><span class='ocrx_word' id='word_1_193' title='bbox 152 3075 231 3156; x_wconf 88' lang='lat' dir='ltr'><strong>quia</strong></span> <span class='ocrx_word' id='word_1_194' title='bbox 265 3073 388 3157; x_wconf 90' lang='lat' dir='ltr'><strong>aliquot</strong></span> <span class='ocrx_word' id='word_1_195' title='bbox 424 3072 618 3155; x_wconf 89' lang='lat' dir='ltr'><strong>scriptorum</strong></span> <span class='ocrx_word' id='word_1_196' title='bbox 658 3070 738 3136; x_wconf 92' lang='lat' dir='ltr'><strong>locis</strong></span> <span class='ocrx_word' id='word_1_197' title='bbox 778 3070 994 3137; x_wconf 89' lang='lat' dir='ltr'><strong>demonstrari</strong></span> <span class='ocrx_word' id='word_1_198' title='bbox 1028 3093 1125 3156; x_wconf 90' lang='lat' dir='ltr'><strong>posse</strong></span> <span class='ocrx_word' id='word_1_199' title='bbox 1163 3072 1301 3152; x_wconf 83' lang='lat' dir='ltr'><strong>videtur,</strong></span> 
     </span>
     <span class='ocr_line' id='line_1_28' title="bbox 151 3173 1303 3262; baseline -0.001 -19"><span class='ocrx_word' id='word_1_200' title='bbox 151 3179 284 3244; x_wconf 90' lang='lat' dir='ltr'><strong>omnino</strong></span> <span class='ocrx_word' id='word_1_201' title='bbox 318 3177 404 3260; x_wconf 88' lang='lat' dir='ltr'><strong>apud</strong></span> <span class='ocrx_word' id='word_1_202' title='bbox 427 3175 569 3240; x_wconf 85' lang='lat' dir='ltr'><strong>Graecos</strong></span> <span class='ocrx_word' id='word_1_203' title='bbox 584 3249 592 3254; x_wconf 48' lang='grc'><strong>,</strong></span> <span class='ocrx_word' id='word_1_204' title='bbox 608 3175 706 3239; x_wconf 89' lang='lat' dir='ltr'><strong>moris</strong></span> <span class='ocrx_word' id='word_1_205' title='bbox 740 3173 841 3240; x_wconf 86' lang='lat' dir='ltr'><strong>fuisse</strong></span> <span class='ocrx_word' id='word_1_206' title='bbox 863 3180 900 3239; x_wconf 88' lang='grc'><strong>61</strong></span> <span class='ocrx_word' id='word_1_207' title='bbox 922 3176 1054 3242; x_wconf 83' lang='lat' dir='ltr'><strong>iuvenes</strong></span> <span class='ocrx_word' id='word_1_208' title='bbox 1083 3177 1182 3242; x_wconf 83' lang='lat' dir='ltr'><strong>validi</strong></span> <span class='ocrx_word' id='word_1_209' title='bbox 1205 3181 1303 3262; x_wconf 86' lang='lat' dir='ltr'><strong>atque</strong></span> 
     </span>
     <span class='ocr_line' id='line_1_29' title="bbox 151 3278 1301 3363; baseline -0.003 -15"><span class='ocrx_word' id='word_1_210' title='bbox 151 3282 325 3348; x_wconf 87' lang='lat' dir='ltr'><strong>exercitati</strong></span> <span class='ocrx_word' id='word_1_211' title='bbox 346 3279 493 3348; x_wconf 87' lang='lat' dir='ltr'><strong>victimas</strong></span> <span class='ocrx_word' id='word_1_212' title='bbox 515 3279 635 3344; x_wconf 85' lang='lat' dir='ltr'><strong>umeris</strong></span> <span class='ocrx_word' id='word_1_213' title='bbox 657 3278 803 3344; x_wconf 89' lang='lat' dir='ltr'><strong>sublatas</strong></span> <span class='ocrx_word' id='word_1_214' title='bbox 826 3279 868 3345; x_wconf 90' lang='lat' dir='ltr'><strong>ad</strong></span> <span class='ocrx_word' id='word_1_215' title='bbox 898 3301 990 3346; x_wconf 90' lang='lat' dir='ltr'><strong>aram</strong></span> <span class='ocrx_word' id='word_1_216' title='bbox 1012 3281 1177 3363; x_wconf 87' lang='lat' dir='ltr'><strong>afferrent,</strong></span> <span class='ocrx_word' id='word_1_217' title='bbox 1201 3279 1301 3347; x_wconf 88' lang='lat' dir='ltr'><strong>veluti</strong></span> 
     </span>
     <span class='ocr_line' id='line_1_30' title="bbox 152 3381 848 3468; baseline -0.01 -15"><span class='ocrx_word' id='word_1_218' title='bbox 152 3385 328 3468; x_wconf 87' lang='lat' dir='ltr'><strong>Euripides</strong></span> <span class='ocrx_word' id='word_1_219' title='bbox 351 3383 430 3450; x_wconf 88' lang='lat' dir='ltr'><strong>dicit</strong></span> <span class='ocrx_word' id='word_1_220' title='bbox 449 3381 592 3448; x_wconf 85' lang='lat' dir='ltr'><strong>Helenae</strong></span> <span class='ocrx_word' id='word_1_221' title='bbox 613 3403 643 3446; x_wconf 79' lang='lat' dir='ltr'><strong>v.</strong></span> <span class='ocrx_word' id='word_1_222' title='bbox 670 3386 753 3447; x_wconf 83' lang='grc'>1562</span> <span class='ocrx_word' id='word_1_223' title='bbox 777 3403 848 3466; x_wconf 88' lang='lat' dir='ltr'><strong>sqq.</strong></span> 
     </span>
    </p>

    <p class='ocr_par' dir='ltr' id='par_1_9' title="bbox 147 3483 1299 4511">
     <span class='ocr_line' id='line_1_31' title="bbox 281 3483 986 3573; baseline 0 -23"><span class='ocrx_word' id='word_1_224' title='bbox 281 3485 363 3565; x_wconf 77' lang='lat' dir='ltr'><strong>„oda</strong></span> <span class='ocrx_word' id='word_1_225' title='bbox 384 3485 426 3550; x_wconf 78' lang='lat' dir='ltr'><strong>st&#39;</strong></span> <span class='ocrx_word' id='word_1_226' title='bbox 449 3483 696 3571; x_wconf 75' lang='grc' dir='ltr'><strong><em>ἀναρπάσαντες</em></strong></span> <span class='ocrx_word' id='word_1_227' title='bbox 712 3483 874 3570; x_wconf 76' lang='grc' dir='ltr'><strong><em>Ἑλλήνων</em></strong></span> <span class='ocrx_word' id='word_1_228' title='bbox 897 3488 986 3573; x_wconf 82' lang='grc' dir='ltr'><strong><em>νόμῳ</em></strong></span> 
     </span>
     <span class='ocr_line' id='line_1_32' title="bbox 284 3586 856 3676; baseline -0.003 -20"><span class='ocrx_word' id='word_1_229' title='bbox 284 3594 426 3668; x_wconf 77' lang='grc' dir='ltr'><strong><em>νεανίαις</em></strong></span> <span class='ocrx_word' id='word_1_230' title='bbox 448 3590 563 3674; x_wconf 76' lang='grc' dir='ltr'><strong><em>ὤμοισι</em></strong></span> <span class='ocrx_word' id='word_1_231' title='bbox 585 3586 734 3676; x_wconf 76' lang='grc' dir='ltr'><strong><em>ταύρειον</em></strong></span> <span class='ocrx_word' id='word_1_232' title='bbox 756 3589 856 3674; x_wconf 78' lang='grc' dir='ltr'><strong><em>δέμας</em></strong></span> 
     </span>
     <span class='ocr_line' id='line_1_33' title="bbox 280 3694 712 3783; baseline -0.005 -23"><span class='ocrx_word' id='word_1_233' title='bbox 280 3698 326 3772; x_wconf 75' lang='grc' dir='ltr'><strong>οἷς</strong></span> <span class='ocrx_word' id='word_1_234' title='bbox 348 3699 484 3783; x_wconf 73' lang='grc' dir='ltr'><strong><em>πρῷραν</em></strong></span> <span class='ocrx_word' id='word_1_235' title='bbox 506 3694 712 3778; x_wconf 50' lang='grc'>6666161661</span> 
     </span>
     <span class='ocr_line' id='line_1_34' title="bbox 239 3798 1016 3881; baseline -0.006 -16"><span class='ocrx_word' id='word_1_236' title='bbox 239 3799 395 3868; x_wconf 80' lang='grc'>06616666</span> <span class='ocrx_word' id='word_1_237' title='bbox 418 3798 833 3866; x_wconf 76' lang='grc'>611666166611166166.</span> <span class='ocrx_word' id='word_1_238' title='bbox 858 3801 919 3860; x_wconf 87' lang='lat'><strong>811</strong></span> <span class='ocrx_word' id='word_1_239' title='bbox 945 3819 1016 3881; x_wconf 90' lang='lat' dir='ltr'><strong>sqq.</strong></span> 
     </span>
     <span class='ocr_line' id='line_1_35' title="bbox 278 3897 1260 3988; baseline -0.006 -18"><span class='ocrx_word' id='word_1_240' title='bbox 278 3901 464 3988; x_wconf 81' lang='grc' dir='ltr'><strong><em>,,κᾶσφαξ’,</em></strong></span> <span class='ocrx_word' id='word_1_241' title='bbox 485 3901 537 3968; x_wconf 72' lang='grc' dir='ltr'><strong>ἐπ’</strong></span> <span class='ocrx_word' id='word_1_242' title='bbox 558 3903 655 3987; x_wconf 74' lang='grc' dir='ltr'><strong><em>ὤμων</em></strong></span> <span class='ocrx_word' id='word_1_243' title='bbox 676 3905 799 3986; x_wconf 82' lang='grc' dir='ltr'><strong><em>μόσχον</em></strong></span> <span class='ocrx_word' id='word_1_244' title='bbox 821 3900 865 3976; x_wconf 79' lang='grc' dir='ltr'><strong>ὠς</strong></span> <span class='ocrx_word' id='word_1_245' title='bbox 887 3897 969 3985; x_wconf 82' lang='grc' dir='ltr'><strong><em>ἦραν</em></strong></span> <span class='ocrx_word' id='word_1_246' title='bbox 990 3910 1098 3984; x_wconf 78' lang='grc' dir='ltr'><strong><em>χεροῖν</em></strong></span> <span class='ocrx_word' id='word_1_247' title='bbox 1120 3899 1260 3984; x_wconf 76' lang='grc' dir='ltr'><strong>δμῶες.“</strong></span> 
     </span>
     <span class='ocr_line' id='line_1_36' title="bbox 147 4003 1299 4092; baseline -0.003 -16"><span class='ocrx_word' id='word_1_248' title='bbox 147 4011 193 4076; x_wconf 87' lang='lat' dir='ltr'><strong>Et</strong></span> <span class='ocrx_word' id='word_1_249' title='bbox 215 4011 250 4076; x_wconf 92' lang='grc'><strong>16</strong></span> <span class='ocrx_word' id='word_1_250' title='bbox 271 4009 333 4075; x_wconf 86' lang='lat' dir='ltr'><strong>hac</strong></span> <span class='ocrx_word' id='word_1_251' title='bbox 361 4029 396 4074; x_wconf 89' lang='lat' dir='ltr'><strong>re</strong></span> <span class='ocrx_word' id='word_1_252' title='bbox 419 4028 547 4092; x_wconf 89' lang='grc'>666666</span> <span class='ocrx_word' id='word_1_253' title='bbox 568 4006 740 4074; x_wconf 87' lang='lat' dir='ltr'><strong>Herculem</strong></span> <span class='ocrx_word' id='word_1_254' title='bbox 769 4005 825 4091; x_wconf 91' lang='lat' dir='ltr'><strong>qui</strong></span> <span class='ocrx_word' id='word_1_255' title='bbox 856 4005 985 4070; x_wconf 93' lang='lat' dir='ltr'><strong>omnino</strong></span> <span class='ocrx_word' id='word_1_256' title='bbox 1015 4003 1212 4071; x_wconf 86' lang='lat' dir='ltr'><strong>athletarum</strong></span> <span class='ocrx_word' id='word_1_257' title='bbox 1244 4028 1299 4090; x_wconf 87' lang='lat' dir='ltr'><strong>pa·</strong></span> 
     </span>
     <span class='ocr_line' id='line_1_37' title="bbox 147 4111 1295 4196; baseline -0.003 -17"><span class='ocrx_word' id='word_1_258' title='bbox 147 4123 265 4181; x_wconf 89' lang='lat' dir='ltr'><strong>tronus</strong></span> <span class='ocrx_word' id='word_1_259' title='bbox 301 4118 370 4194; x_wconf 89' lang='lat' dir='ltr'><strong>est,</strong></span> <span class='ocrx_word' id='word_1_260' title='bbox 407 4112 594 4194; x_wconf 80' lang='lat' dir='ltr'><strong>imitantur,</strong></span> <span class='ocrx_word' id='word_1_261' title='bbox 636 4113 753 4196; x_wconf 92' lang='lat' dir='ltr'><strong>quippe</strong></span> <span class='ocrx_word' id='word_1_262' title='bbox 785 4111 841 4196; x_wconf 92' lang='lat' dir='ltr'><strong>qui</strong></span> <span class='ocrx_word' id='word_1_263' title='bbox 873 4129 1048 4194; x_wconf 86' lang='lat' dir='ltr'><strong>cognomen</strong></span> <span class='ocrx_word' id='word_1_264' title='bbox 1085 4111 1295 4196; x_wconf 83' lang='grc' dir='ltr'><strong><em>Τααροφόρος</em></strong></span> 
     </span>
     <span class='ocr_line' id='line_1_38' title="bbox 148 4218 1137 4304; baseline -0.002 -19"><span class='ocrx_word' id='word_1_265' title='bbox 148 4218 298 4304; x_wconf 84' lang='lat' dir='ltr'><strong>gesserit.</strong></span> <span class='ocrx_word' id='word_1_266' title='bbox 1135 4224 1137 4230; x_wconf 77' lang='grc'>’</span> 
     </span>
     <span class='ocr_line' id='line_1_39' title="bbox 206 4315 1296 4406; baseline 0 -20"><span class='ocrx_word' id='word_1_267' title='bbox 206 4351 213 4366; x_wconf 92' lang='lat'><strong>·</strong></span> <span class='ocrx_word' id='word_1_268' title='bbox 238 4321 280 4386; x_wconf 91' lang='lat' dir='ltr'><strong>ad</strong></span> <span class='ocrx_word' id='word_1_269' title='bbox 301 4345 332 4406; x_wconf 92' lang='grc'><strong>6.</strong></span> <span class='ocrx_word' id='word_1_270' title='bbox 358 4326 409 4386; x_wconf 91' lang='grc'><strong>63.</strong></span> <span class='ocrx_word' id='word_1_271' title='bbox 456 4319 543 4398; x_wconf 81' lang='lat' dir='ltr'><strong>Quae</strong></span> <span class='ocrx_word' id='word_1_272' title='bbox 574 4340 632 4401; x_wconf 82' lang='lat' dir='ltr'><strong>ego</strong></span> <span class='ocrx_word' id='word_1_273' title='bbox 667 4319 708 4384; x_wconf 86' lang='lat' dir='ltr'><strong>ad</strong></span> <span class='ocrx_word' id='word_1_274' title='bbox 731 4315 956 4401; x_wconf 89' lang='lat' dir='ltr'><strong>Oschophoria</strong></span> <span class='ocrx_word' id='word_1_275' title='bbox 976 4317 1109 4392; x_wconf 84' lang='lat' dir='ltr'><strong>rettuli,</strong></span> <span class='ocrx_word' id='word_1_276' title='bbox 1138 4339 1178 4384; x_wconf 89' lang='grc'><strong>66</strong></span> <span class='ocrx_word' id='word_1_277' title='bbox 1201 4318 1296 4386; x_wconf 81' lang='grc'>(1666-</span> 
     </span>
     <span class='ocr_line' id='line_1_40' title="bbox 148 4419 1294 4511; baseline -0.003 -15"><span class='ocrx_word' id='word_1_278' title='bbox 148 4419 305 4510; x_wconf 86' lang='lat' dir='ltr'><strong>bergerus</strong></span> <span class='ocrx_word' id='word_1_279' title='bbox 328 4429 373 4511; x_wconf 91' lang='grc'><strong>(6.</strong></span> <span class='ocrx_word' id='word_1_280' title='bbox 402 4431 450 4490; x_wconf 91' lang='grc'><strong>18.</strong></span> <span class='ocrx_word' id='word_1_281' title='bbox 476 4428 529 4510; x_wconf 84' lang='lat'><strong>43)</strong></span> <span class='ocrx_word' id='word_1_282' title='bbox 553 4425 593 4491; x_wconf 91' lang='grc'><strong>66</strong></span> <span class='ocrx_word' id='word_1_283' title='bbox 615 4423 849 4490; x_wconf 88' lang='lat' dir='ltr'><strong>Panathenaeis</strong></span> <span class='ocrx_word' id='word_1_284' title='bbox 873 4421 1081 4508; x_wconf 87' lang='lat' dir='ltr'><strong>intelligenda</strong></span> <span class='ocrx_word' id='word_1_285' title='bbox 1103 4428 1208 4508; x_wconf 87' lang='lat' dir='ltr'><strong>putat,</strong></span> <span class='ocrx_word' id='word_1_286' title='bbox 1231 4448 1294 4492; x_wconf 93' lang='lat' dir='ltr'><strong>non</strong></span> 
     </span>
    </p>
   </div>
   <div class='ocr_carea' id='block_1_5' title="bbox 0 0 1546 5076">
    <p class='ocr_par' dir='ltr' id='par_1_10' title="bbox 0 0 1546 5076">
     <span class='ocr_line' id='line_1_41' title="bbox 0 0 1546 5076; baseline 0 3"><span class='ocrx_word' id='word_1_287' title='bbox 0 0 1546 5076; x_wconf 95' lang='lat' dir='ltr'><strong> </strong></span> 
     </span>
    </p>
   </div>
  </div>
 </body>
</html>
