3082 5076
149 539 219 622 logi
250 559 272 605 a
298 538 533 607 Boedromione
562 547 735 630 incipiunt:
770 552 805 617 in
832 552 1010 636 plebiscitis
1040 555 1222 624 honorariis
1255 581 1294 624 ex

150 644 255 708 sacris
279 643 396 729 quibus
417 646 533 730 ephebi
555 649 758 722 interhrerint
780 657 883 740 primo
905 658 976 725 loco
995 668 1225 727 enumerantur
1247 684 1294 744 ea,

149 768 237 832 quae
254 747 492 818 ‘Boedromione
514 776 623 821 mense
644 758 715 856 fieri
737 762 900 828 solebant:
923 764 1060 848 denique
1081 786 1121 830 ea
1141 766 1213 849 ipsa
1229 766 1295 850 ple·

149 851 271 918 bisoita
292 854 482 941 plerumque
510 863 623 946 primis
654 867 720 932 eius
742 869 861 933 mensis
890 868 1002 934 diebus
1031 869 1232 950 factasunt,
1261 871 1296 936 id

149 958 240 1130 ppod
262 964 512 1030 consentaneum
542 973 592 1034 est
614 971 725 1036 statim
754 978 829 1056 post
851 972 1006 1056 ephebiae
1036 973 1132 1038 finem
1153 973 1223 1039 ficri
1245 996 1295 1040 so·

163 1085 247 1128 lum
269 1083 348 1130 esse.

237 1190 352 1277 Itaque
373 1197 466 1267 initio
487 1197 732 1266 Boedromionis
753 1199 872 1264 mensis
895 1199 956 1265 luit
986 1200 1055 1266 dies
1078 1200 1296 1284 inscriptionis

149 1294 349 1378 epheborum
383 1302 439 1390 (αἲ
472 1306 634 1388 ἐγγραφαί
663 1303 759 1368 inscr.
793 1306 829 1384 1,
863 1309 891 1368 5.
917 1308 952 1384 2,
984 1309 1090 1368 118.
1117 1310 1151 1384 3,
1183 1303 1295 1390 bah).

150 1398 256 1476 Quam
277 1405 520 1492 inscriptionem
543 1408 786 1475 discernendam
808 1429 877 1473 esse
900 1409 942 1474 ab
965 1429 1012 1489 ea,
1038 1429 1103 1492 qua
1124 1410 1158 1473 in
1181 1409 1295 1473 laxiar-

149 1503 260 1573 chioas
283 1511 412 1579 tabulas
435 1513 676 1594 referebantur,
697 1513 790 1577 facile
812 1518 914 1596 patet.
957 1513 1040 1577 Nam
1069 1512 1296 1578 laxiarchicum

149 1613 282 1693 quidem
295 1637 388 1682 suum
403 1627 539 1704 quisque
557 1640 661 1704 pagus
673 1618 831 1698 habebat;
853 1617 905 1682 hio
918 1623 1026 1682 autem
1043 1617 1196 1700 quamde
1212 1638 1295 1682 com-

149 1721 241 1784 muni
264 1723 405 1788 omniurn
428 1723 625 1807 epheborum
648 1722 807 1789 sacrificio
829 1744 900 1787 cum
921 1721 978 1786 illa
993 1722 1201 1805 inscriptione
1223 1742 1296 1787 con-

150 1826 262 1890 iuncto
283 1827 428 1910 dicatur,
462 1850 572 1895 ornnes
595 1826 710 1912 ephebi
733 1827 827 1892 simul
848 1828 882 1891 in
907 1847 1005 1891 unam
1027 1825 1226 1908 eandemque
1247 1830 1296 1890 ta-

152 1927 264 1994 bulam
284 1931 433 2015 inscripti
457 1933 522 1997 sint
543 1953 674 1998 necesse
697 1937 760 2013 est;
788 1931 903 1997 deinde
925 1931 959 1996 in
980 1931 1207 1996 lexiarchicum
1230 1950 1295 1995 orn-

151 2034 315 2100 nescires
338 2036 610 2120 inscribebantur,
640 2059 704 2103 non
727 2037 843 2122 ephebi
866 2037 926 2102 soli
948 2036 1047 2124 (quae
1069 2035 1130 2100 hoo
1151 2041 1297 2118 tempore

150 2158 205 2204 res
228 2161 420 2225 magnopere
444 2143 590 2208 diversae
620 2144 724 2227 sunt);
751 2143 889 2227 danique
919 2143 1005 2218 ξένοι
1026 2140 1077 2206 vel
1098 2140 1297 2223 ἐπέγγραφοι

147 2263 326 2328 nunquam,
350 2246 385 2310 in
406 2245 535 2312 tabulas
557 2246 766 2312 lexiarchioas
793 2247 877 2312 illati
907 2267 977 2312 esse
999 2249 1153 2330 possunt.
1205 2244 1296 2330 Cogi·

148 2349 298 2414 tamdum
320 2349 492 2434 igiturest
514 2350 554 2416 de
575 2351 729 2436 peculiari
762 2350 901 2434 quodam
930 2349 1126 2434 epheborum
1149 2349 1224 2415 albo
1246 2350 1296 2414 vcl

148 2452 301 2537 catalogo
317 2454 355 2538 ⁴).
419 2453 586 2539 Inscriptis
628 2440 761 2539 ephebis
800 2454 930 2520 solenne
970 2453 1164 2520 sacrificium
1196 2453 1295 2518 fiebat

150 2557 356 2644 (εἰσιτητήρια
378 2560 476 2626 inscr.
502 2565 516 2624 1
541 2584 569 2626 v.
595 2566 624 2626 5.
650 2565 690 2624 34
705 2559 750 2646 51)
783 2562 817 2625 in
847 2561 1006 2626 communi
1039 2559 1129 2624 urbis
1161 2558 1232 2623 foco
1261 2559 1296 2623 in

149 2669 325 2749 prytaneo,
355 2666 580 2748 praesentibus
610 2672 766 2746 cosmeta,
790 2665 954 2750 magistris
975 2665 1009 2750 (l
1033 2688 1062 2730 v.
1088 2665 1160 2747 35),
1190 2683 1295 2728 sacer·

150 2961 180 3016 11
197 2980 225 3032 p.
234 2965 287 3017 403
305 2960 448 3031 probabile
465 2962 593 3034 reddidit,
612 2963 743 3018 Hadriani
760 2968 883 3034 tempore
901 2964 985 3018 etiam
1003 2963 1090 3020 civilis
1107 2964 1171 3019 anni
1188 2963 1295 3018 initium

149 3052 181 3106 in
205 3052 434 3106 Boedromionem
461 3069 596 3123 mensem,
621 3071 675 3122 quo
693 3053 739 3107 ille
756 3054 876 3108 Athenas
898 3057 1023 3124 venerat,
1048 3055 1209 3108 translatum
1228 3069 1296 3108 esse.

149 3143 190 3196 Et
208 3158 241 3196 ex
259 3141 525 3212 gymnasiarchorum
544 3142 652 3210 quidem
672 3143 804 3212 catalogis
823 3142 972 3212 nullaaest,
990 3147 1120 3211 quantum
1133 3142 1198 3208 scio,
1214 3159 1296 3211 quem

151 3237 217 3288 ante
234 3232 403 3286 Hadrianum
431 3232 611 3300 compositum
635 3249 695 3286 esse
722 3231 903 3286 demonstrari
926 3232 1021 3301 possit.
1066 3233 1170 3288 Tamen
1191 3235 1297 3288 restant

150 3321 206 3376 duo
225 3324 401 3391 argumenta,
426 3337 495 3388 quaa
512 3337 565 3390 ego
584 3321 691 3392 addidi,
717 3339 750 3376 ex
766 3322 853 3376 titulis
877 3320 987 3376 alterius
1005 3340 1030 3377 a.
1049 3321 1111 3378 Chr.
1129 3322 1230 3377 saeculi
1249 3339 1295 3391 pe·

148 3412 216 3482 tita,
235 3429 288 3480 quo
312 3413 435 3479 tempore
453 3425 552 3464 annum
578 3410 685 3466 civilem
702 3411 738 3465 ab
756 3411 993 3467 Hecatombaeone
1016 3411 1150 3481 incepisse
1172 3428 1207 3466 ex
1228 3410 1296 3480 ipsis

148 3501 236 3556 titulis
255 3503 378 3570 apparet.

223 3609 250 3676 4)
270 3609 311 3661 De
330 3607 497 3675 epheborum
518 3610 595 3679 albo,
626 3609 655 3662 in
673 3606 746 3676 quod
765 3607 848 3660 etiam
866 3607 1031 3677 adscriptitii
1047 3606 1129 3662 relati
1146 3606 1215 3676 sint,
1240 3604 1295 3659 iam

149 3696 276 3753 Cominus
302 3696 372 3750 dixit
395 3697 475 3754 ΚΑ.
495 3698 607 3755 v01.1v
629 3696 754 3768 prolegg.
773 3715 801 3766 p.
820 3695 898 3766 XIV,
920 3695 993 3765 quod
1018 3701 1112 3751 tamen
1139 3693 1211 3748 idem
1237 3707 1296 3747 csse

148 3787 209 3842 vult
226 3789 308 3854 atque
325 3785 432 3841 tabulas
450 3787 625 3843 laxiarchioas
642 3787 720 3857 (ibid.
738 3787 765 3840 II
783 3805 811 3856 p.
833 3788 903 3858 135).

223 3899 249 3966 5)
268 3895 343 3949 Η111
368 3896 504 3950 recentior
532 3897 620 3952 forma
637 3902 779 3967 praeterea
794 3896 931 3950 invenitur
954 3895 984 3948 in
999 3891 1165 3963 nappaeae
1184 3891 1295 3944 ἀνέκδο-

148 4005 188 4039 τοι
208 3983 258 4038 tut
275 3982 318 4048 τῆς
335 3980 461 4052 deposci.
478 3984 595 4054 ἑταιρίας
614 3987 691 4054 poll.
711 3987 729 4038 ά
748 3985 794 4054 α’ρ,
815 3988 840 4038 5.
876 3982 930 4037 Sed
947 3985 1057 4051 praeter
1074 3998 1135 4035 eam
1153 3982 1235 4036 etiam
1248 3982 1300 4037 Ab·

147 4076 232 4132 ticam
250 4073 327 4128 illam
346 4071 483 4140 εἰσιτήρια,
508 4090 561 4140 qua
579 4075 651 4144 apud
678 4074 801 4144 antiquos
819 4071 1005 4143 significantur
1026 4087 1103 4126 sacra
1120 4088 1137 4124 a
1154 4074 1249 4125 senatu
1266 4077 1295 4124 et

148 4181 167 4219 a
190 4161 394 4232 magistratibus
418 4161 446 4215 in
469 4160 640 4230 suscipiendo
665 4179 777 4217 munere
802 4163 875 4216 sacta
892 4159 982 4228 (nem.
1000 4162 1051 4228 19,
1073 4163 1132 4213 190.
1151 4162 1202 4229 21,
1223 4161 1295 4229 214),

148 4255 246 4322 postea
269 4251 300 4304 in
316 4265 365 4303 usu
383 4249 465 4304 finisse
488 4257 602 4319 apparet
626 4269 660 4306 ex
678 4252 758 4306 titulo
777 4252 806 4306 in
828 4249 931 4320 Ἐπιγρ.
959 4247 1095 4302 ἀνέκδοτοι
1113 4247 1165 4301 ὑπὸ
1183 4245 1227 4299 τοῦ
1245 4245 1296 4316 ἆρ-

145 4342 237 4410 χαιολ.
255 4339 387 4408 συλλόγου
406 4339 483 4405 pou.
502 4337 527 4406 β’
546 4337 591 4408 ἀρ.
608 4344 642 4396 64
661 4359 687 4395 v.
707 4343 750 4396 20.
786 4339 971 4395 urnmmstiea
982 4355 1046 4394 vero
1064 4339 1168 4393 ratione
1182 4341 1296 4407 utraque

148 4429 236 4483 forma
256 4425 349 4481 differt
367 4426 462 4481 eodem
481 4425 564 4482 modo
582 4445 636 4498 quo
655 4429 720 4488 istoc
737 4434 766 4484 11
785 4428 886 4494 turios.
1269 4421 1279 4432 '
