3082 5076
690 299 731 360 55

105 491 240 554 quam
270 471 420 536 iuvenum
451 471 641 553 corporibus
673 469 859 536 exercendis
887 467 1059 553 praecipue
1089 474 1168 554 apta
1201 489 1285 532 oom-

106 573 305 654 mendari‚
319 599 322 606 ·
337 573 453 657 quibus
473 572 530 638 ille
551 564 702 656 qaartam
724 573 817 640 addit
837 571 987 651 fundam,
1020 592 1103 655 quae
1125 575 1159 638 in
1180 573 1285 640 titulis

106 697 198 742 non
229 681 506 744 commemoratur.
551 675 599 744 Eo
622 699 696 746 vero
711 683 866 762 tempore,
889 697 952 759 quo
974 675 1061 742 tituli
1084 678 1284 742 nostricom·

107 783 240 867 positi
263 787 348 863 sunt,
370 783 499 848 omnino
521 801 580 865 per
603 788 707 850 totam
728 783 796 848 fere
814 782 982 848 Graeciam
1002 780 1061 847 illa
1080 781 1284 864 potissimum

110 893 299 972 quattuor
320 907 438 971 genera
459 887 493 954 in
516 907 578 952 usu
599 887 698 954 fuisse
720 887 806 953 tituli
828 885 1006 953 insularum
1029 885 1084 970 Cei
1112 886 1161 972 (0.
1184 887 1209 951 Ι.
1226 885 1281 951 Gr.

115 991 242 1080 2360)
279 997 312 1058 et
340 991 427 1056 Semi
459 987 756 1075 (Menatsberichte
797 989 856 1054 der
894 989 1068 1055 Akademie
1103 1012 1143 1056 zu
1159 989 1283 1078 'Berlin

118 1101 226 1162 1859
251 1117 283 1180 p.
307 1099 370 1162 739
392 1115 460 1179 sqq.
488 1099 580 1159 1862.
603 1094 680 1160 Heit
703 1095 737 1178 2)
760 1094 914 1159 indicant.

226 1202 276 1266 Ac
299 1199 326 1264 si
348 1198 477 1283 quidem
499 1199 541 1264 ad
564 1199 691 1282 singula
713 1197 908 1276 accedimus,
937 1198 1076 1282 pilorum
1099 1197 1282 1284 (ἀκοντίων)

114 1303 294 1368 iaculatio
325 1323 427 1386 'quum
458 1303 530 1367 ianr
553 1304 639 1386 apud
662 1301 836 1367 Homerum
866 1302 900 1366 in
930 1296 1014 1366 ludis
1050 1302 1282 1386 sepulcralibus

115 1393 282 1474 Patrocli
311 1407 361 1494 (ss.
389 1413 438 1485 Ψ,
462 1413 526 1473 884
555 1410 639 1493 sqq.)
670 1413 949 1482 commemoretur,
971 1407 1086 1473 deinde
1108 1429 1166 1492 per
1189 1431 1284 1475 omne

118 1521 268 1598 tempus
292 1513 380 1578 etin
400 1499 573 1596 gymnasiis
604 1531 625 1578 a
647 1514 812 1578 iuventute
834 1511 1046 1578 exercebatur
1078 1518 1113 1577 et
1141 1514 1175 1578 in
1196 1513 1285 1578 ludia·

122 1616 345 1700 solennibus,
379 1616 451 1698 ubi,
486 1622 524 1682 nt
544 1622 657 1683 notum
679 1621 745 1710 est,
781 1615 943 1698 pentathli
971 1622 1100 1697 partem
1123 1615 1282 1682 efficiebat

125 1725 282 1810 (Kranae
303 1721 319 1786 I
339 1742 371 1805 p.
395 1725 458 1785 465
481 1721 577 1808 sqq).
622 1720 701 1802 Sed,
725 1721 904 1804 posteriore
926 1725 1034 1786 aetate
1057 1726 1160 1799 certe,
1184 1722 1282 1786 etiam

127 1828 212 1893 solo
235 1827 372 1912 ἀκοντίῳ
406 1831 564 1892 certatum
586 1846 657 1891 essa
688 1827 722 1890 in
755 1825 839 1891 ludis
869 1823 945 1888 aaa.
965 1831 1014 1906 Β,
1044 1847 1076 1910 p.
1104 1829 1164 1890 137
1186 1849 1214 1891 v.
1240 1831 1280 1890 77

133 1930 312 2005 ἀκοντίζων
347 1930 383 1993 ἐκ
414 1932 478 1993 τῶν
513 1929 645 2016 ἐφήβων
678 1934 738 1994 139
771 1951 800 1996 v.
832 1935 872 1995 93
905 1929 1054 1994 ἀκόντιον
1086 1931 1122 1993 ἐκ
1151 1929 1283 1994 πάντων

132 2037 267 2103 docent.

230 2138 352 2204 Contra
374 2140 501 2224 sagittis
524 2139 689 2204 mittendis
711 2137 826 2204 herois
848 2140 976 2222 quidem
999 2139 1084 2223 apud
1107 2140 1282 2206 Homerum

130 2248 269 2310 certant
292 2243 339 2328 (Il.
367 2247 415 2320 Ψ,
439 2247 503 2309 859
526 2243 621 2328 sqq).
667 2242 730 2309 Sed
754 2248 868 2327 postea
896 2244 984 2308 etin
1005 2243 1212 2310 instituendis
1234 2246 1281 2310 iu·

131 2347 275 2414 renibus
297 2353 331 2412 et
352 2348 387 2412 in
408 2346 636 2413 certaminibus
659 2367 770 2412 aarum
800 2367 876 2414 usus
897 2361 1032 2431 prorsus
1055 2350 1191 2415 omissus
1212 2369 1282 2414 esee

131 2453 269 2519 videtur
291 2445 461 2538 (Krausel
482 2473 513 2536 p.
530 2456 602 2520 599.
627 2455 707 2530 6063
729 2452 827 2516 etiam
849 2451 883 2517 in
898 2451 982 2518 bello
997 2452 1138 2519 Graecos
1152 2458 1283 2536 praeter

135 2558 313 2624 Cretenses
334 2555 375 2620 iis
396 2575 473 2620 usos
487 2575 555 2620 non
574 2575 645 2620 esse
658 2555 837 2620 Pausanias
852 2555 877 2636 1,
891 2559 952 2635 23,
977 2560 996 2619 4
1018 2555 1139 2641 refert).
1164 2555 1282 2620 Postea

132 2685 218 2730 vero
239 2682 352 2726 rursus
375 2665 523 2743 receptus
546 2665 606 2725 est.

228 2767 311 2832 Fere
330 2765 417 2831 idem
437 2763 523 2830 valet
553 2763 594 2829 de
614 2763 848 2847 hoplomachia.
894 2766 975 2830 Nam
999 2767 1098 2831 etiam
1120 2785 1283 2832 armorum

136 2877 305 2940 certarnen
325 2870 360 2934 in
380 2867 445 2934 illis
473 2867 559 2934 ludis
582 2868 814 2952 sepulcraiibus
844 2870 881 2934 fit
904 2873 965 2952 (Ψ,
991 2874 1053 2935 802
1077 2871 1161 2954 sqq.)
1184 2891 1283 2954 quum

135 2979 258 3062 postea
280 2973 436 3039 eiusmodi
454 2973 631 3039 certamina
653 2982 677 3038 κ’
695 2995 783 3038 more
807 2973 1005 3040 Graecorum
1028 2973 1134 3040 aliena
1154 2973 1283 3040 videan-

136 3085 207 3145 tur.
251 3078 289 3170 in
321 3078 470 3144 iuvenum
496 3077 719 3145 educationem
749 3099 825 3145 vero
855 3079 935 3144 haec
968 3079 1123 3145 exercitia
1145 3079 1283 3162 primunr

137 3182 328 3249 introducta
349 3184 425 3247 sunt
448 3179 595 3247 Socratis
621 3187 767 3265 tempore
789 3181 885 3258 (Prot.
909 3181 1032 3248 Laches
1054 3183 1126 3248 init.
1147 3181 1283 3266 Gorgias

138 3289 207 3352 456
230 3285 272 3370 D)
309 3306 328 3350 a
360 3285 514 3368 sophistis
544 3285 764 3368 potissimum,
799 3292 835 3350 ut
864 3284 1007 3366 videtur,
1041 3278 1177 3370 quorum
1203 3285 1282 3366 dno,

138 3389 364 3473 Euthydemus
401 3393 434 3452 at
461 3386 702 3472 Dionysodorus
732 3387 851 3453 fratres
882 3389 1029 3454 mercede
1063 3389 1145 3455 hanc
1180 3395 1284 3454 artem

139 3494 322 3559 docuerunt
374 3490 478 3576 (Plat.
522 3489 661 3576 Euthyd.
690 3494 760 3555 271
804 3491 858 3574 D)
903 3494 1162 3578 exstiteruntque
1210 3493 1284 3558 inde

141 3596 187 3662 ab
227 3617 266 3662 eo
302 3601 448 3678 tempore
490 3592 634 3660 homines
647 3645 668 3675 ,.
699 3595 754 3678 qui
799 3615 870 3660 eam
904 3602 1018 3661 'artem
1053 3597 1283 3680 profiterentur

140 3699 402 3788 (duiopoiyofli)
425 3697 482 3764 sed
504 3703 537 3763 et
559 3698 637 3767 alibi
660 3719 680 3763 a
700 3685 811 3764 moitis
825 3700 1113 3766 contemnebantur
1129 3706 1285 3784 tanquam

141 3823 251 3868 rerum
272 3803 462 3869 bellicarum
484 3803 589 3868 minus
612 3803 718 3888 periti,
741 3810 774 3869 ot
788 3802 1032 3870 Lacedaemonii
1055 3805 1183 3870 omnino
1201 3803 1284 3868 hanc

142 3918 245 3974 artem
266 3908 308 3974 ad
333 3928 369 3972 ss
390 3927 455 3973 non
477 3907 697 3988 admiserunt,
728 3907 849 3991 quippe
867 3907 924 3990 qui
946 3927 1023 3988 usu,
1053 3929 1119 3975 nou¹
1137 3909 1286 3974 doctriua

143 4033 213 4078 rom
240 4011 390 4078 bellicam
419 4009 605 4077 discendam
645 4016 810 4101 putarent.
868 4010 963 4092 (Plat.
992 4011 1115 4078 Laches
1131 4027 1133 4034 ’
1150 4019 1209 4078 182
1232 4014 1284 4097 Ε).

144 4115 255 4204 Longe
282 4113 378 4182 aliter
399 4107 479 4180 vero
509 4119 627 4198 ‘postea
654 4129 706 4180 res
741 4137 776 4182 se
808 4113 955 4185 habebat.
1010 4113 1089 4182 Tum
1124 4118 1207 4188 enirn
1236 4117 1286 4186 vel

218 4360 247 4428 ²)
267 4362 309 4414 De
330 4359 383 4413 ¹¹⁰⁰
406 4359 546 4414 mmmm
571 4375 670 4430 Βθῐὶθΐθ
693 4361 728 4415 F.
746 4363 861 4418 Hostius
885 4363 921 4420 ad
944 4365 1013 4419 Xan.
1043 4365 1079 4418 de
1102 4381 1161 4434 rep.
1186 4365 1289 4420 beced.

146 4472 173 4522 p.
194 4455 244 4506 218
263 4448 465 4506 accuratissime
484 4450 629 4520 exposuit.¹
653 4469 656 4477 ·
888 4469 891 4479 ·
1011 4463 1015 4482 ο
1176 4463 1178 4468 ,
