3082 5076
667 344 708 408 63

194 519 385 586 -Proe'rcsic'c
406 515 483 579 item
505 513 696 581 istiusmodi*
717 534 842 598 pugnas
865 533 934 579 cum
957 512 1060 581 tauris
1083 511 1260 578 committe·

112 621 195 686 bant
230 620 346 704 ephebi
367 621 401 688 iu
432 620 543 686 eodem
574 618 696 702 templo
727 617 892 684 Eleusinio
918 617 970 700 (3,
995 619 1046 680 28.
1071 619 1110 695 2,
1134 620 1164 680 9.
1190 613 1260 696 Ἐφ.

112 729 201 790 4041
225 747 255 790 v.
283 728 343 808 16).
939 775 941 786 ,

205 833 235 894 3.
280 828 328 896 De
355 830 580 911 Oscbopboriic
611 827 818 912 intelligenda
840 828 914 889 sunt
944 842 1027 906 quae
1056 821 1206 904 leguntur
1227 819 1261 886 in

116 931 224 996 titulis
260 932 452 1016 quibusdam
467 933 496 1020 9)
526 935 740 1016 σονοξήγαγοι
772 929 808 992 δὲ
839 925 894 1010 τὴν
915 923 1078 988 Παλλάδα
1103 921 1259 1008 (Demos,

116 1035 276 1100 κοῖκεΐθον
302 1036 405 1102 πάλιν
437 1043 664 1125 συνεισήγαγον
692 1035 771 1119 perd
791 1029 908 1116 ,φαιὸς
934 1029 1012 1112 μετὰ
1036 1027 1139 1112 πάσης
1169 1026 1261 1092 εὐκο-

116 1143 222 1220 σμίας·
266 1141 349 1208 Nam
370 1141 432 1208 hoc
453 1142 505 1210 dic
525 1165 679 1228 pompam
702 1160 723 1204 a
752 1136 873 1219 templo
894 1133 1013 1201 Bacchi
1040 1134 1074 1198 in
1096 1133 1176 1198 urbe
1199 1133 1261 1199 sito

117 1245 160 1310 ad
181 1245 292 1312 fanum
314 1246 476 1319 Minervae
499 1246 825 1314 SciradisPhalerum
842 1240 1013 1308 deductam
1035 1259 1106 1302 esee
1128 1237 1261 1316 scimus3

119 1370 160 1415 ex
181 1350 304 1415 nostris
326 1350 431 1416 titudis
451 1357 621 1434 praeterea
642 1351 795 1429 videmus,
819 1347 918 1414 etiam
938 1342 1039 1426 ipsius
1064 1341 1143 1406 deae
1166 1341 1262 1406 simu-

116 1453 242 1518 lacrum
264 1475 302 1519 eo
332 1454 473 1520 delatum
500 1460 535 1520 et
563 1455 662 1520 sacris
692 1453 833 1537 peractis
862 1453 960 1515 noctu
988 1466 1061 1510 cum
1088 1444 1261 1510 luminibus

117 1557 263 1625 Athenas
286 1564 486 1641 reportatum
510 1579 595 1641 esse;
628 1559 663 1624 in
685 1556 781 1623 titulo
807 1559 834 1618 1.
857 1552 1012 1634 scriptum
1042 1553 1091 1612 est
1114 1549 1216 1623 σοιεξ.
1236 1571 1262 1612 ι.

118 1665 161 1724 Π.
183 1661 262 1744 μετὰ
283 1668 347 1726 τῶν
367 1667 542 1747 peamau.-
569 1663 685 1747 quibus
708 1682 792 1747 quae
813 1659 910 1726 fuerit
933 1645 1006 1721 cum
1026 1652 1082 1717 illo
1103 1651 1186 1717 festo
1208 1673 1261 1717 ne-

118 1764 299 1845 cessitudo,
329 1765 490 1848 explicare
516 1788 650 1850 nequeo.
694 1764 732 1830 In
764 1762 844 1846 ipsis
873 1780 948 1826 vero
970 1754 1262 1838 Oschophoriorum

119 1868 241 1948 sacris,
272 1868 307 1933 id
329 1870 415 1952 quod
437 1869 471 1935 in
500 1871 604 1936 titulis
626 1891 691 1936 non
721 1868 1008 1940 commemoratur,
1040 1861 1138 1926 etiam
1167 1881 1273 1926 cursu,

120 1971 289 2038 certabant
322 1974 437 2058 ephebi
470 1976 667 2060 singularum
688 1972 853 2050 tribuum,
877 1989 918 2033 ex
939 1966 1055 2050 quibus
1084 1969 1186 2042 victor
1206 1987 1262 2049 pc·

120 2075 226 2142 culum
265 2099 338 2144 cum
374 2085 455 2163 potu
487 2101 527 2146 ex
558 2081 631 2145 vino
664 2077 734 2145 cieo
768 2072 861 2140 melle
897 2090 990 2136 caseo
1024 2069 1130 2139 farina
1161 2071 1262 2136 mixto

119 2179 333 2264 (πενταπλόα)
356 2185 501 2265 praemio
521 2182 701 2266 accipiebat
722 2179 836 2266 (Meier
851 2176 934 2262 Allg.
957 2175 1086 2261 Encycl.
1111 2173 1193 2240 Sect.
1216 2174 1264 2240 111

119 2281 183 2348 vol.
208 2287 227 2346 c
249 2305 281 2366 p.
305 2289 390 2368 250).

208 2391 236 2452 4.
279 2388 348 2454 Iam
371 2390 434 2456 duo
457 2393 690 2476 sequuntur‘in
718 2391 824 2456 titulis
845 2388 963 2454 Bacchi
984 2406 1094 2465 sacra,
1128 2404 1264 2466 quorum

119 2490 162 2556 de
185 2492 297 2573 altero,
320 2494 455 2577 Pisaeis,
477 2518 553 2562 mox
566 2498 718 2577 dicemus,
741 2494 879 2560 alterum
900 2512 976 2557 vero
994 2491 1103 2576 (inser.
1127 2491 1146 2550 2
1168 2509 1197 2552 v.
1214 2491 1263 2551 13.

122 2601 152 2675 3,
179 2601 228 2660 17·
247 2595 317 2681 Ἕφ-
340 2598 416 2682 ‹iox-
439 2605 535 2682 4041,
562 2603 615 2687 11)
636 2601 707 2666 solo
729 2597 857 2668 nomine
879 2594 1032 2658 Διονύσια
1055 2589 1263 2674 significatur.

123 2700 215 2778 Quae
236 2702 309 2784 ipsa
330 2725 383 2772 res
406 2703 629 2770 demonstrare
650 2704 730 2770 mihi
752 2701 889 2780 videtur,
912 2698 973 2764 hoc
995 2716 1112 2763 nomen
1131 2692 1264 2778 propria

121 2806 154 2870 vi
177 2809 211 2870 et
232 2807 325 2890 quasi
347 2811 414 2871 κατ’
436 2810 550 2895 ἐξοχὴν
571 2809 816 2894 intelligendum
850 2825 920 2872 esse
942 2804 983 2868 de
1005 2799 1175 2882 Dionysus
1196 2817 1264 2862 mu-

120 2910 209 2992 yaie,
232 2913 424 2992 pracsertim
457 2935 556 2998 quum
589 2919 771 2999 opponatur
797 2912 985 2977 Piraeorum
1013 2902 1152 2983 nomini,
1182 2919 1265 2984 quae

122 3017 239 3093 tamen,
263 3014 290 3078 si
312 3015 427 3082 latiore
451 3017 683 3101 significatione
695 3015 856 3100 intelligas
878 3013 912 3078 id
933 3031 1060 3090 nomen,
1081 3007 1154 3091 ipsa
1167 3004 1266 3070 etiam

122 3117 278 3201 Dionysia
300 3125 385 3186 sunt.
432 3119 513 3186 Cum
534 3141 600 3203 qua
621 3141 659 3186 re
681 3121 762 3186 bene
787 3119 958 3206 concinnunt
980 3133 1064 3198 quae
1086 3110 1126 3176 de
1148 3125 1266 3192 pompa

123 3221 281 3286 dicuntur·
306 3223 345 3286 in
369 3223 473 3290 titulis
502 3223 697 3307 „circircyov
726 3223 762 3287 δὲ
793 3223 924 3286 καὶτὸν
945 3216 1103 3284 Διόνυσον
1125 3210 1192 3276 ἀπὸ
1214 3211 1267 3292 τῆς

122 3327 262 3408 ἐσχάρας
283 3327 328 3400 εἰς
347 3327 380 3394 ud
405 3331 550 3409 &corpor
574 3327 652 3408 μετὰ
680 3328 822 3412 φωιός.“
862 3327 944 3392 Nam
966 3319 1145 3387 Pausanias
1165 3315 1191 3395 L
1214 3317 1265 3392 29,

125 3430 281 3496 caedem
303 3431 470 3514 antiquam
499 3436 534 3497 et
554 3451 688 3513 parvam
716 3433 750 3498 in
772 3430 938 3496 Ceramico
971 3426 1069 3490 sitam
1104 3416 1266 3496 describit,

123 3536 159 3600 ie
180 3555 277 3617 quam
299 3534 471 3618 quotannis
492 3532 644 3600 delatum
677 3535 720 3600 sit
741 3533 861 3599 Bacchi
882 3525 1123 3596 Eleutherensis
1150 3522 1266 3602 imago.

124 3637 177 3703 Ibi
206 3637 274 3702 sine
297 3637 395 3704 dubio
428 3642 500 3704 crat
530 3637 589 3702 iila
610 3637 749 3722 ἐσχάρα,
786 3657 882 3722 quam
911 3635 1010 3700 etiam
1032 3625 1205 3710 Alciphron
1225 3621 1265 3701 II,

126 3747 156 3822 3,
184 3745 221 3806 16
245 3747 474 3808 commemorat
489 3741 540 3825 ¹⁰).
585 3741 730 3826 Apparet
750 3741 849 3824 igitur
870 3759 934 3804 non
954 3731 1129 3816 decadem
1151 3746 1269 3812 pompa

126 3891 399 3912 nomm

197 3968 225 4035 9)
242 3968 285 4023 Ab
302 3964 418 4023 inser-8
442 3970 472 4022 et
490 3964 549 4034 Ἐφ.
569 3963 633 4036 cipp.
651 3969 722 4022 4041
744 3968 851 4022 absunt.
893 3965 964 4020 Nam
989 3962 1019 4018 ic
1042 3960 1094 4012 hoe
1117 3954 1268 4025 posteriore

124 4056 236 4126 quidem
253 4056 334 4111 titulo
363 4071 431 4124 quac
450 4054 556 4109 curtius
573 4053 593 4108 1.
610 4053 630 4108 l.
648 4071 675 4124 p.
696 4057 750 4108 336
774 4054 809 4108 ed
828 4050 1015 4122 Oschophoria
1037 4046 1173 4117 pertinere
1199 4041 1268 4096 dixit

123 4154 163 4212 (v.
183 4145 226 4211 11)
245 4143 348 4214 ὁμοίως
366 4143 395 4196 δὲ
419 4143 536 4202 καὶτοῖς
554 4145 719 4205 Διονυσίοις,
745 4159 777 4198 ea
794 4141 892 4198 ceteris
919 4139 1005 4195 titulis
1023 4133 1129 4190 collatis
1153 4148 1205 4200 ego
1232 4128 1268 4182 ad

112 4251 228 4304 ¹magma
244 4232 374 4303 Dionysia
390 4231 481 4302 potins
501 4229 599 4286 refero.

201 4319 245 4388 10)
264 4321 335 4375 Nam
352 4337 424 4375 nunc
442 4321 550 4388 quidem
570 4321 703 4390 scriptura
725 4317 770 4373 cdv
787 4317 827 4371 ἐπ’
846 4316 964 4389 ἐσχάρας
982 4315 1111 4369 Διόνυσον
1128 4307 1268 4361 titulorum

124 4407 289 4463 testimoniis
303 4407 411 4462 videtur
428 4407 588 4462 confirmdte
604 4419 672 4479 esse,
688 4425 740 4478 pro
756 4425 810 4478 qua
828 4411 906 4462 acute
922 4403 1073 4461 Meinekius
1092 4397 1208 4454 coniecit
1225 4393 1269 4444 τὸν

126 4499 166 4553 ἐπ’
185 4499 327 4568 ἐσχατιαῖς,
344 4497 477 4568 Kayser-us
494 4495 540 4550 τὸν
557 4496 721 4570 Ἑλισθερέα.
