3082 5076
832 356 873 415 62

283 521 524 588 Boidromionis
557 522 641 587 diem
675 521 789 587 referri
811 522 964 607 (Probet,
1001 523 1053 588 die
1075 523 1145 589 Zeit
1178 524 1237 591 der
1265 527 1430 594 attisohen

283 625 468 692 Eleusinion
489 627 523 692 in
544 625 667 693 Ztsehr.
689 627 711 691 f.
734 626 940 692 Alterth.·W.
967 629 1050 692 1835
1073 649 1106 712 p.
1132 633 1234 716 1001).
1396 683 1398 690 .
1421 681 1422 688 ,

370 729 482 798 Altera
515 749 633 814 pompa
655 731 865 797 celeberrima
897 731 954 797 illa
975 729 1084 798 Iaoohi
1104 739 1173 816 osi,
1196 733 1269 817 qui
1290 732 1430 798 Athenis

284 832 436 900 Eleusina
457 835 673 920 educebatur3
694 836 734 900 de
757 855 822 918 qua
843 835 1011 919 plebiscita
1027 836 1157 920 quidem
1178 838 1235 902 illa
1255 836 1337 902 nihil
1353 855 1430 902 oon-

284 939 389 1004 tinent
410 939 471 1004 nisi
486 938 641 1005 voeabula
652 943 707 1002 aui
718 937 1069 1020 τὸνἼαιιχονιδσαοίοος
1084 941 1166 1026 (soil.
1181 941 1429 1025 προέπεμψαν).

284 1045 328 1107 Ar
349 1043 384 1106 in
403 1042 499 1108 titulo
523 1041 596 1105 Φιλ.
620 1044 646 1106 Α
668 1063 700 1126 p.
724 1045 788 1108 238
810 1043 982 1109 admodum
1003 1044 1224 1110 memorabilia
1245 1043 1286 1109 de
1314 1063 1354 1108 ea
1375 1063 1430 1108 re·

284 1147 440 1212 feruntur.
470 1143 575 1222 Quum
588 1145 672 1210 enim
692 1146 792 1212 verba
811 1168 841 1211 v.
860 1152 897 1211 16
914 1168 984 1230 sqq.
1005 1149 1073 1236 ,τῇ
1094 1146 1221 1234 ἐνάτῃ
1242 1145 1310 1212 dal
1325 1144 1429 1209 δέκα

285 1255 356 1315 τοῦ
378 1247 701 1334 Βοηδρομιῶνος
722 1271 804 1334 προς
834 1299 842 1318 .
867 1295 875 1312 .
897 1295 938 1314 ..
971 1255 1014 1338 aqi
1035 1266 1171 1340 oeoopqrq
1203 1254 1266 1316 οιόν
1293 1246 1430 1333 ἐφήβων

287 1357 378 1434 ἄγειν
398 1356 470 1428 τοὺς
490 1353 632 1439 ἐφήβους
653 1399 662 1417 .
687 1406 693 1420 .
717 1399 726 1419 .
749 1354 977 1441 Ε]λευσεΐνοίδε
999 1376 1069 1439 sqq.
1101 1354 1144 1420 ad
1175 1376 1247 1420 eam
1275 1371 1430 1438 pompam

288 1457 469 1524 reserantur
490 1477 620 1523 neeesse
642 1459 685 1523 sit
697 1459 744 1542 ⁷),
776 1460 917 1524 omnium
939 1458 994 1542 qui
1017 1458 1057 1524 de
1079 1459 1130 1524 his
1153 1459 1253 1524 saeris
1276 1457 1429 1522 dixerunt

285 1563 454 1643 sententia,
479 1583 562 1645 quae
583 1562 617 1626 in
638 1566 733 1627 tanta
754 1562 794 1627 de
807 1562 1045 1629 Eleusiniorum
1067 1569 1210 1646 tompore
1228 1561 1429 1628 dissensione

285 1687 350 1732 una
370 1671 461 1732 certa
482 1687 552 1731 esre
574 1665 754 1747 ridebatur,
771 1666 925 1734 leoohum
942 1667 1090 1734 rioesimo
1109 1665 1354 1732 Boedromionis
1373 1665 1428 1733 die

285 1773 435 1839 eductum
467 1789 559 1849 esse,
592 1768 728 1835 refutari
758 1769 894 1836 videtur.
953 1769 1145 1854 Quanquam
1174 1768 1333 1854 quomodo
1364 1768 1430 1840 looi

285 1875 451 1955 eiusmodi,
476 1873 580 1956 qualis
611 1879 662 1938 est
683 1873 769 1938 Plut.
791 1875 829 1939 V.
861 1873 987 1940 Camilli
1010 1897 1036 1940 o.
1064 1879 1101 1939 19
1123 1878 1196 1958 aspi
1217 1871 1338 1958 αὐτὴν
1359 1873 1430 1955 τῆν

284 1973 440 2042 einoldo
461 1980 518 2041 τοῦ
541 1976 808 2061 Βοηδρομιῶνος,
839 1976 935 2069 pair
961 1979 1112 2061 μοσιιιιὸν
1125 1979 1252 2058 Ἴακχον
1277 1974 1431 2055 ἐξάγουσι

285 2084 440 2151 cumillis
463 2083 550 2150 tituli
570 2083 676 2150 verbis
699 2085 863 2152 consiliari
885 2085 1024 2168 possint
1043 2106 1110 2151 non
1132 2085 1286 2169 intelligo.
1381 2119 1384 2127 ·

372 2186 495 2252 Deinde
516 2188 551 2250 in
583 2207 699 2272 magno
720 2187 777 2254 illo
806 2188 980 2270 saorifioio,
1015 2188 1102 2273 quod
1123 2189 1223 2254 fiebat
1250 2190 1429 2272 intemplo

286 2291 450 2358 Eleusinio
480 2289 530 2375 (ἐν
558 2293 601 2375 τῷ
623 2289 784 2378 περιβόλῳ
813 2294 869 2354 τοῦ
900 2287 989 2378 ἱεροῦ
1013 2297 1047 2373 3,
1085 2296 1124 2356 10
1152 2292 1220 2375 'Epa
1244 2291 1316 2373 ἅρχ.
1340 2297 1426 2358 4041

286 2420 315 2463 v.
339 2397 373 2482 8)
406 2394 440 2460 id
472 2399 544 2458 erat
566 2393 762 2477 epheborum
790 2393 946 2476 officium,
981 2401 1019 2460 ut
1040 2415 1112 2460 oum
1133 2395 1237 2460 tauris
1265 2396 1308 2462 ad
1329 2397 1429 2462 seori·

285 2499 393 2566 fioium
415 2499 585 2566 destinatis
607 2503 803 2583 pugnarent
826 2497 927 2564 donec
949 2519 1004 2564 eos
1027 2499 1195 2566 domarent
1214 2504 1248 2565 et
1270 2499 1313 2566 ed
1334 2520 1429 2566 aram

287 2605 502 2684 adducerent3
533 2603 613 2668 haec
634 2604 719 2668 enirn
746 2602 852 2668 inesse
872 2603 907 2668 in
932 2602 1096 2668 vocabulis
1118 2603 1236 2688 ἤραντο
1255 2605 1328 2678 τούς
1348 2607 1429 2686 βοῦς

286 2707 322 2772 ἐν
340 2707 495 2771 Ἐλευσῖνι
506 2707 534 2791 ⁸)
554 2709 592 2796 τῇ
609 2709 711 2787 θυσίᾳ
733 2708 778 2792 (1,
802 2711 832 2771 9.
856 2711 886 2788 2,
911 2712 929 2772 9
953 2707 1006 2792 (ol.
1025 2729 1057 2772 ·v.
1074 2706 1130 2794 78)
1155 2712 1184 2789 3,
1210 2712 1249 2773 10
1267 2705 1337 2793 ’Ep
1353 2707 1429 2790 ἀρχ.

287 2818 371 2878 4041
394 2835 424 2877 v.
448 2812 481 2898 9)
515 2810 766 2876 luculentissime
793 2810 1024 2877 demonstravit
1054 2810 1185 2878 Curtius
1207 2813 1228 2877 l.
1250 2812 1274 2877 l.
1305 2832 1337 2896 p.
1363 2817 1427 2878 336

287 2915 432 2982 adhibito
454 2913 651 2980 Artemidori
671 2913 741 2980 loco
764 2913 968 2979 Oneirooritt.
991 2914 1007 2979 Ι
1027 2935 1059 2998 p.
1086 2919 1141 2996 12,
1165 2916 1220 3000 qui
1242 2916 1427 2986 dotalibus

286 3023 435 3086 iuvenum
455 3017 698 3082 Atheniensium
730 3017 814 3084 ludis
837 3017 925 3083 dicit.
968 3017 1144 3084 Praeterea
1165 3040 1238 3085 sero
1260 3019 1322 3103 ipsi
1345 3043 1425 3104 quo·

288 3143 350 3208 que
379 3121 493 3206 ephebi
521 3121 705 3188 oeciderunt
738 3123 817 3188 deae
847 3121 928 3187 duas
963 3143 1076 3190 sareas
1100 3127 1189 3206 (βοῦς
1210 3127 1344 3208 τροφίας
1366 3122 1428 3193 δύο

170 3251 172 3256 ’
289 3233 318 3310 3,
345 3229 402 3307 16;
424 3224 496 3290 ahie
518 3223 596 3290 loeis
618 3227 721 3309 magis
743 3227 779 3290 in
799 3225 983 3292 universum
1005 3228 1123 3294 dieitur
1144 3229 1198 3290 καὶ
1219 3224 1310 3290 αὐτοὶ
1330 3227 1428 3309 ἐβου-

286 3329 457 3416 θοοησαν).
501 3328 647 3412 Denique
664 3327 774 3394 Cereri
796 3335 829 3394 et
840 3329 1053 3413 Proserpinae
1076 3329 1218 3413 phialam
1240 3335 1428 3413 argenteam

286 3435 521 3503 consecrabant
544 3435 588 3517 (2,
613 3437 664 3497 24.
689 3437 718 3514 3,
742 3437 793 3498 29.
818 3437 848 3514 5,
874 3440 903 3498 7.
922 3431 993 3518 Ἐφι
1014 3431 1086 3518 ἀρχ.
1109 3437 1205 3512 4041,
1231 3435 1294 3516 17).

371 3541 479 3606 Etiam
502 3538 638 3622 gymnici
660 3538 844 3604 certaminis
866 3537 953 3620 quod
985 3537 1033 3603 ibi
1053 3536 1153 3602 fiebat
1174 3535 1254 3601 haut
1276 3542 1426 3619 expertes

284 3645 383 3710 luisse
406 3641 546 3728 ephebos
566 3645 601 3706 et
614 3661 673 3725 per
694 3663 729 3707 se
750 3640 921 3706 verisimile
939 3645 988 3706 eet
1011 3645 1044 3706 et
1065 3637 1217 3708 11οι100.
1230 3639 1254 3704 Ι.
1274 3638 1330 3704 Gr.
1345 3645 1426 3704 271:

285 3748 500 3834 σωφρονιοοὴς
514 3745 687 3829 Ἀθήναιος
701 3743 902 3819 Σοτένδονιος
918 3743 1121 3820 Ἔβοοσεδνιος
1132 3751 1196 3817 solo
1217 3740 1348 3826 ὄφρ’βοις
1367 3744 1427 3808 adv

279 3852 441 3938 Ἡρακλέα
462 3849 530 3913 ἀπὸ
554 3851 605 3933 οῆς
626 3849 663 3912 ἐν
680 3847 849 3912 ’novara
870 3850 973 3935 νείκης
994 3846 1232 3932 oomprobatur.

375 4058 404 4124 7)
422 4057 491 4111 Nam
509 4072 590 4109 nemo
606 4058 725 4108 statuere
742 4054 824 4123 volet,
841 4054 945 4108 duobus
963 4052 1058 4107 diebus
1076 4053 1162 4120 quise
1181 4051 1337 4122 exceperint
1346 4053 1430 4121 ephe·

284 4146 334 4200 bos
352 4145 418 4199 does
436 4160 550 4213 pompas
566 4143 679 4198 Athenis
690 4143 818 4198 Eleusina
835 4141 955 4196 duxisse:
976 4141 1088 4196 omniuo
1105 4145 1214 4210 praeter
1230 4141 1306 4194 illam
1324 4141 1359 4194 de
1374 4159 1429 4208 que

284 4237 366 4288 antea
383 4231 439 4287 dixi
458 4235 487 4286 et
501 4231 570 4286 hano
588 4231 681 4286 Iacchi
696 4245 826 4301 pompam
843 4229 919 4284 nulla
934 4228 1016 4284 iubae
1033 4229 1154 4300 videtur,
1171 4245 1253 4298 quum
1270 4232 1335 4284 ente
1358 4230 1431 4284 hano

283 4320 405 4391 Athenis,
422 4323 486 4390 post
504 4335 564 4374 eam
582 4319 710 4374 Eleusine
728 4333 805 4373 saara
821 4317 919 4374 tierent
935 4316 1050 4388 (Preller
1066 4318 1085 4372 1.
1103 4318 1122 4371 l.
1140 4335 1169 4388 p.
1192 4317 1280 4387 1005.)

293 4433 303 4442 ·
356 4412 386 4474 8)
405 4409 482 4464 Solus
499 4409 593 4464 titulus
613 4412 627 4463 1
648 4407 758 4479 exhibet
776 4409 824 4467 εἰς
838 4406 988 4469 Ἐλευσῖνα,
1013 4421 1084 4474 qnae
1099 4407 1264 4477 praepositio
1283 4407 1346 4460 huie
1364 4407 1429 4460 loeo

284 4504 349 4570 apta
365 4515 421 4554 non
438 4498 554 4553 videtur.
906 4531 908 4538 .
947 4529 950 4536 .
