3082 5076
668 314 709 372 69

285 493 347 556 τοῖς
368 481 520 565 ἐμπόροις
542 483 711 567 apocopae
733 477 820 545 ἔσται
844 483 1009 560 πανταχοῦ

285 585 357 660 τούς
379 588 405 648 r'
425 585 617 660 ἐκπλέοντας
637 585 838 661 εῑςπλίοντοῐς
860 586 885 648 c'
908 585 1024 668 ὄψεται

284 689 435 770 χώπόταν
458 688 568 771 ἅμιλλ’
590 687 610 779 ᾗ
632 693 694 753 τῶν
719 693 801 753 νεῶν
823 688 987 752 θεάσεται.

193 813 289 891 Quae
312 813 455 894 quamvis
473 813 506 876 in
531 813 714 878 universum
727 811 767 877 de
790 810 946 876 eiusmodi
969 810 1052 875 ludis
1074 811 1107 873 in
1122 809 1255 875 Piraeeo

93 921 185 983 actis
212 917 385 996 dicuntur,
418 921 526 981 tamen
548 920 651 982 multo
677 917 841 982 meliorem
872 921 904 981 et
927 915 1084 998 aptiorem
1118 914 1255 978 existere

93 1029 180 1104 puto
209 1022 425 1100 sententiam,
461 1023 489 1085 si
511 1027 608 1105 polita
631 1021 855 1090 Themistoclis
890 1018 1049 1084 tumulum
1081 1039 1136 1084 eos
1166 1020 1254 1102 ipsos

93 1125 197 1190 ludos
226 1130 372 1208 spectare
394 1125 501 1205 dicat,
537 1127 653 1210 quibus
676 1125 869 1191 immortalis
903 1125 971 1189 eius
993 1124 1128 1188 victoria
1157 1143 1177 1187 a
1198 1143 1254 1205 po-

94 1231 201 1294 storis
218 1229 453 1294 celebrabatur.
489 1229 596 1306 Quare
611 1231 718 1296 nescio
733 1252 775 1295 an
797 1229 878 1293 haee
892 1229 977 1293 ratio
988 1226 1199 1310 praeferenda
1213 1229 1255 1290 sit

95 1334 127 1398 ei
153 1355 260 1416 quarn
274 1332 433 1416 Sauppius
453 1334 534 1415 iniit,
560 1335 599 1400 de
616 1337 711 1400 inscr.
725 1333 860 1400 Panath.
875 1356 906 1417 p.
925 1335 973 1412 lo,
997 1353 1095 1415 quum
1110 1331 1254 1396 Platonis

95 1437 206 1503 verba
230 1437 271 1502 de
291 1437 527 1503 Panathenaeis
550 1439 758 1524 intelligenda
781 1438 913 1503 diceret.
958 1437 1094 1503 Videtur
1114 1458 1189 1502 vero
1203 1435 1255 1500 hic

97 1564 172 1608 mos
205 1563 309 1626 usque
339 1543 381 1606 ad
414 1544 646 1626 imperatorum
674 1545 892 1614 Romanorum
923 1545 1070 1624 tempora
1099 1541 1255 1605 mansisse

99 1646 203 1732 (Ἀρχ.
235 1647 289 1730 ἐφ.
319 1669 388 1729 περ.
421 1653 451 1710 Β
474 1646 525 1734 α’ρ.
552 1654 612 1716 199
644 1645 933 1732 vuaponicense]
958 1646 1133 1725 Μοννύχια
1164 1660 1255 1707 συνε-

100 1753 392 1837 στεφανώθησαν).
1160 1790 1164 1794 -

200 1860 249 1920 13.
295 1855 441 1938 Denique
465 1855 563 1920 etiam
586 1873 625 1918 ca
649 1875 731 1938 quae
752 1855 786 1919 in
799 1853 959 1920 nonnullis
982 1853 1085 1918 titulis
1101 1855 1134 1938 (2
1158 1875 1185 1917 v.
1205 1856 1253 1916 18.
1334 1925 1344 1938 ,

106 1966 135 2040 3,
159 1967 214 2026 27.
240 1967 269 2043 4,
297 1963 349 2045 17)
369 1961 530 2040 dicuntur,
555 1959 695 2043 ephebos
718 1950 844 2028 duabus
866 1961 999 2026 navibus
1022 1959 1064 2025 ad
1086 1964 1254 2041 tropaeum

105 2065 258 2132 devectos
283 2087 353 2130 esse
374 2065 484 2148 ibique
507 2065 581 2130 Ioci
605 2065 751 2146 Tropceo
776 2087 868 2131 sacra
889 2065 1018 2145 iecisse,
1046 2065 1117 2130 iure
1140 2063 1255 2129 Cuma·

104 2171 210 2236 nudes
235 2170 278 2235 ad
299 2169 379 2234 illud
401 2176 572 2252 tropaeum
593 2169 744 2235 retulisse
765 2171 901 2252 videtur,
926 2171 1011 2254 quod
1035 2170 1130 2235 Paus.
1154 2169 1178 2248 I,
1204 2173 1253 2249 36,

108 2279 123 2337 l
149 2274 306 2339 inlitora
329 2272 499 2338 Salaminis
522 2273 663 2356 positum
683 2273 781 2339 fuisse
802 2279 951 2340 testatur.

198 2381 249 2441 14.
286 2375 418 2460 ¹Eodem
447 2375 542 2441 modo
574 2377 671 2441 etiam
700 2375 924 2442 Marathoniae
952 2379 1107 2445 victoriae
1120 2389 1122 2392 ’
1137 2397 1255 2442 memo·

104 2483 191 2546 riam
214 2481 351 2565 inipso,
375 2501 438 2564 quo
462 2503 571 2565 pugna
592 2481 772 2562 faetaerat,
794 2481 876 2562 loco,
899 2482 1084 2547 solemniter
1100 2482 1255 2546 recultam

106 2607 180 2652 esse
209 2584 331 2650 indicat
357 2586 454 2650 inser.
480 2591 517 2666 2,
543 2589 583 2650 69
607 2586 724 2668 ἤγαγεν
751 2585 788 2649 ’δὲ
811 2591 864 2651 καὶ
886 2587 940 2650 ἐπὶ
968 2587 1002 2648 τὰ
1027 2585 1094 2671 [εἿμ
1117 2586 1255 2670 Μ[αρα-

105 2697 198 2759 tuive
228 2692 479 2775 πολυανδρεϊον,
512 2694 531 2756 δ
556 2693 798 2778 ἐσαφ]α’νωσαν
825 2699 878 2756 καὶ
908 2693 1059 2778 ἒνήγισαν
1087 2703 1152 2766 τοῖς
1174 2694 1253 2754 κατὰ

105 2798 254 2880 πόλεμον
274 2796 495 2882 τελευιήσασιν
516 2796 597 2890 huie
620 2801 674 2881 τῆς
694 2797 883 2881 ἐλευθερίας
897 2799 950 2884 ¹9).
995 2797 1059 2862 Eos
1082 2799 1175 2878 enim,
1199 2799 1255 2880 qui

105 2902 302 2969 Marathone
325 2901 524 2983 ceciderant,
555 2904 641 2968 solos
665 2925 704 2968 ex
727 2903 875 2968 omnibus
897 2903 1029 2986 proprio
1053 2901 1199 2984 sepulcro
1221 2903 1255 2968 in

106 3008 181 3091 ipso
204 3027 331 3092 pugnae
353 3007 424 3073 loeo
447 3007 594 3073 conditos
617 3031 688 3073 esse
709 3009 806 3074 Paus.
829 3009 860 3090 Ι,
883 3011 941 3088 29,
965 3013 995 3072 4.
1021 3011 1078 3087 32,
1103 3012 1121 3071 2
1145 3007 1254 3072 refert.

109 3111 211 3178 Cuius
233 3112 349 3178 tumuli
363 3114 547 3178 etiamnunc
559 3112 716 3196 reliquiae
740 3133 908 3196 superesse
930 3112 1080 3178 videntur
1091 3113 1254 3197 (Bursian,

109 3217 316 3303 Geographie
338 3239 366 3282 v.
390 3217 569 3283 Griechenl.
594 3217 661 3302 Ip.
687 3222 773 3304 337).

202 3325 251 3386 15.
298 3319 387 3398 Quae
414 3322 510 3386 inser.
548 3323 619 3386 lv.
644 3326 685 3387 29
714 3322 867 3407 leguntur
899 3325 953 3384 rat
983 3325 1019 3412 τῇ
1050 3327 1163 3412 πομπῇ
1193 3327 1256 3384 τῶν

108 3425 262 3508 μεγάλων
283 3429 374 3488 θεῶν
396 3423 587 3510 ἐποιήσαντο
610 3425 643 3490 τὰ
668 3475 676 3493 .
703 3477 710 3492 .
735 3473 743 3489 .
766 3427 878 3510 (etiam
898 3432 927 3506 4,
955 3430 993 3490 18
1016 3425 1118 3492 simile
1132 3426 1259 3517 aliquicl

110 3532 268 3614 scriptum
289 3529 389 3595 irrisae
410 3529 563 3616 videtur),
587 3551 626 3595 ea
648 3532 791 3614 quamvis
814 3553 867 3596 res
890 3553 955 3596 non
976 3531 1070 3614 plane
1092 3536 1182 3595 certa
1203 3531 1254 3609 sit,

109 3642 222 3703 tamen
245 3655 369 3700 summa
390 3657 462 3700 cum
484 3635 763 3701 verisimilitudine
786 3637 828 3700 ad
841 3636 1015 3702 Dioscuros
1037 3635 1151 3714 refero,
1175 3656 1255 3719 quos
1323 3706 1325 3710 ¹

111 3743 144 3806 in
179 3761 264 3824 pago
297 3737 439 3821 Cephalo
470 3738 511 3803 ab
543 3738 793 3804 Atheniensibus
827 3738 976 3821 μεγάλων
1007 3742 1097 3801 θεῶν
1128 3740 1255 3803 nomine

110 3848 215 3912 cultos
238 3845 332 3910 Paus.
350 3843 374 3924 Ι,
401 3847 452 3925 31,
479 3847 494 3906 l
518 3851 641 3908 narrat.
687 3844 810 3909 Horum
833 3845 916 3909 enim
941 3864 1034 3909 sacra
1055 3843 1105 3910 vel
1119 3844 1256 3908 maxime
1338 3839 1341 3844 ’

113 4023 319 4034 ........---—-r-

184 4115 228 4184 19)
247 4111 403 4183 Μαραθῶνι
421 4119 500 4168 acute
519 4114 636 4170 coniecit
656 4115 839 4184 Oumanudes3
857 4115 950 4168 sedin
969 4114 1007 4168 eis
1026 4132 1093 4183 quae
1113 4119 1258 4182 sequuntur

111 4204 220 4273 supplet
236 4199 381 4272 τρόπαιον,
406 4203 479 4269 quod
498 4219 547 4270 por
567 4219 595 4256 se
614 4219 699 4271 aeque
717 4209 811 4273 aptum
835 4208 981 4272 propterea
999 4201 1065 4256 mihi
1091 4202 1179 4255 minus
1197 4220 1257 4271 pro-

111 4294 205 4361 batur,
234 4291 306 4360 quod
324 4291 352 4342 in
370 4291 491 4344 eiusdem
508 4292 582 4344 tituli
599 4293 744 4362 plebiscito
772 4294 863 4362 priore
880 4293 928 4346 ubi
954 4291 988 4344 de
1007 4287 1102 4345 eadem
1120 4309 1149 4345 rc
1168 4291 1258 4361 agitur

111 4402 136 4436 v.
155 4385 191 4436 26
210 4399 269 4450 sqq.
287 4378 418 4448 scriptum
447 4385 488 4434 eet
512 4380 736 4452 παραγενόμενον
760 4383 788 4434 ‹l'i
807 4381 861 4450 [tut
879 4381 916 4450 τὸ]
937 4380 1132 4448 πολυανδρεῖον
1149 4381 1258 4448 lorsqu}-

119 4485 209 4522 νωσαν
227 4468 273 4522 καὶ
291 4468 417 4538 &elymae
435 4471 485 4522 xri.
