3082 5076
654 322 694 383 67

179 494 211 554 9.
262 489 381 556 thesea
403 487 661 574 splendidissime
683 487 847 557 celebrata
868 509 939 556 esse
959 490 1118 558 ridentur.
1154 494 1236 559 Nam

89 600 226 679 praeter
248 617 398 680 magnum
432 597 534 662 omnis
557 597 684 680 generis
714 597 924 662 certaminum
954 598 1171 682 gymnicorum
1204 604 1236 662 et

90 700 293 783 equestrium
314 721 499 782 numerum,
533 719 616 784 quae
646 722 731 766 nunc
759 705 909 767 accurate
941 721 1131 785 cognoscere
1162 702 1237 767 licet

91 826 129 870 ex
150 806 261 872 titulis
285 807 358 870 Φιλ.
381 815 413 873 Β
434 832 466 893 p.
494 813 554 874 132
578 829 649 892 sqq.
674 808 751 890 l'p.
777 809 839 870 150
861 826 931 890 sqq.
955 805 1134 889 complures
1159 827 1236 891 quo·

89 929 152 993 que
173 910 344 995 lampades
366 913 505 996 fiebant,
540 934 580 979 ex
602 911 719 997 quibus
741 931 806 976 una
837 915 908 976 erat
931 929 996 994 qua
1027 908 1142 994 ephebi
1164 931 1236 975 oum

90 1014 129 1078 iis
162 1015 221 1098 qni
253 1016 319 1081 iam
350 1037 391 1082 ex
421 1016 555 1102 ephebis
584 1020 790 1082 excesserant
820 1013 1000 1080 certabant.
1051 1012 1133 1100 (Ἐφ.
1162 1014 1237 1098 α’ρχ.

91 1122 176 1183 4042
200 1142 231 1184 v.
260 1124 297 1184 11
333 1121 406 1186 oa.
432 1127 461 1186 B
482 1143 514 1206 p.
541 1126 602 1187 136
624 1144 654 1186 v.
679 1125 730 1186 63.
753 1122 784 1182 Γ
800 1141 832 1204 p.
859 1123 920 1184 154
942 1142 971 1184 r.
996 1119 1062 1205 64).
1105 1120 1238 1185 Accedit

93 1222 178 1304 quod
201 1225 302 1289 etiam
326 1225 442 1310 ephebi
465 1226 583 1292 armati
612 1222 801 1308 prodierunt
832 1222 966 1306 etquid
993 1223 1027 1287 in
1049 1245 1111 1288 usu
1132 1244 1237 1290 armo·

91 1345 161 1390 rum
184 1333 219 1392 et
249 1327 347 1394 rebus
368 1329 496 1394 taoticis
524 1328 738 1412 proiecissent
768 1326 979 1392 ostenderunt
1001 1323 1183 1411 (ἀπόδειξις
1204 1329 1239 1390 ἐν

93 1429 206 1506 ortona
233 1432 332 1498 inscr.
362 1439 432 1500 tv.
457 1438 509 1500 23.
534 1441 585 1499 77.
612 1437 681 1498 3r.
706 1436 758 1498 20.
789 1435 860 1498 4v.
887 1436 936 1496 14.
961 1437 979 1496 5
1002 1455 1031 1497 v.
1056 1436 1077 1496 4
1105 1433 1145 1499 cl.
1167 1454 1236 1517 cap.

93 1535 191 1618 1115.
217 1539 264 1622 3).

183 1645 234 1706 10.
282 1642 467 1724 Epitaphio
495 1647 654 1726 quantum
685 1643 752 1707 scio
788 1640 953 1724 hucusque
987 1640 1098 1724 ignota
1134 1650 1237 1708 arant.

96 1746 198 1828 Atque
226 1765 347 1812 nomen
376 1744 505 1829 quidem
537 1747 645 1831 ipsum
674 1746 797 1812 indicat
824 1765 863 1810 ea
893 1745 992 1809 hrisse
1023 1745 1177 1812 solemnia
1205 1748 1239 1812 in

97 1851 283 1916 memoriam
314 1856 515 1916 mortuorum
547 1851 675 1934 publice
707 1837 876 1930 instituta;
913 1869 996 1933 quae
1024 1855 1133 1915 autem
1154 1852 1240 1916 inter

99 1953 174 2020 haec
202 1961 235 2021 et
258 1957 393 2018 Γενέσια
416 1955 594 2039 (Hermann
616 1956 639 2020 l.
661 1955 682 2019 l.
706 1955 734 2038 §.
759 1959 819 2034 48,
846 1958 895 2017 11.
920 1957 978 2033 56,
1003 1953 1038 2033 2)
1060 1955 1240 2022 intercedat

102 2059 188 2140 ratio,
211 2059 389 2125 obscurum
411 2064 479 2140 cst,
511 2079 708 2143 quamquam
731 2079 751 2124 a
771 2059 839 2125 veri
868 2057 1076 2124 similitudine
1097 2080 1163 2125 non
1185 2061 1240 2125 ab·

100 2161 219 2244 horret,
253 2165 436 2248 posteriore
458 2168 603 2247 tempore
628 2162 708 2229 illud
738 2183 853 2227 nomen
875 2182 936 2246 pro
966 2161 1027 2228 hoc
1058 2165 1238 2231 invaluisse.

100 2266 253 2332 Videntur
277 2287 353 2333 vero
376 2267 473 2332 simili
494 2266 589 2332 modo
611 2266 776 2332 celebrata
798 2285 868 2330 esse
890 2271 988 2350 atque
1011 2267 1143 2346 Thesea,
1166 2291 1241 2334 nam

100 2376 131 2434 et
151 2371 244 2437 ludus
268 2370 323 2436 ille
346 2376 546 2436 armatorum
568 2369 764 2455 epheborum
786 2371 883 2435 etiam
905 2371 938 2434 in
961 2370 1011 2435 his
1034 2373 1135 2437 sacris
1156 2394 1241 2440 com·

99 2482 296 2542 memoratur
318 2474 480 2561 (omnihus
502 2496 585 2558 quos
607 2495 705 2558 supra
724 2474 819 2539 attuli
835 2474 925 2556 locis)
947 2480 980 2541 et
996 2476 1147 2560 lampade
1168 2499 1241 2544 cum

100 2579 137 2643 iis
159 2582 212 2665 qui
235 2581 404 2663 superiore
426 2599 510 2645 anno
534 2579 650 2662 ephebi
679 2580 808 2644 luerent
830 2578 1068 2645 contendebant
1090 2582 1123 2665 (1
1147 2604 1175 2646 v.
1202 2585 1241 2646 10

100 2681 231 2768 ἔδραμοι
253 2684 292 2748 da
314 2689 369 2746 καὶ
389 2687 445 2769 τὴν
468 2683 629 2766 λαμπάδα
650 2694 715 2757 τοῖς
732 2683 937 2767 Ἐπιταφίοις
958 2686 1039 2767 πρὸς
1058 2684 1131 2760 τούς
1152 2686 1242 2761 drona

100 2785 247 2870 ἐφήβους,
273 2789 329 2863 οὓς
351 2793 406 2850 κα)
426 2789 555 2873 ἐνίκων)
570 2789 622 2873 ¹⁵).
666 2789 841 2853 Praeterea
854 2807 966 2852 cruens
986 2788 1021 2852 in
1033 2790 1131 2854 armis
1144 2790 1243 2857 fiebat

101 2891 171 2958 inde
201 2913 222 2958 a
255 2894 417 2959 communi
451 2913 562 2957 eorum
594 2893 650 2976 qui
685 2894 719 2957 in
749 2891 843 2958 bellis
880 2891 1063 2959 ceciderant
1094 2895 1242 2978 sepulcro

103 2995 351 3084 luctuardpetor
374 3002 393 3062 2
416 3019 444 3061 r.
470 2999 526 3082 22)
549 2997 637 3082 quod
656 2999 754 3063 sitnm
777 3003 849 3062 erat
870 2997 905 3062 in
927 2995 1101 3064 Ceramico.

188 3106 237 3166 11.
284 3101 442 3165 Aldraam
463 3100 500 3163 dr
521 3099 686 3182 Σαλαμῖνι
718 3101 885 3185 hucusque
915 3121 954 3166 ex
982 3101 1141 3186 Hesychio
1175 3105 1243 3169 solo

103 3209 311 3286 notuerunt,
344 3225 429 3270 nuno
451 3225 491 3270 ex
513 3205 617 3271 titulis
639 3207 822 3271 accuratius
855 3205 896 3271 de
916 3206 956 3270 iis
974 3198 1041 3271 dici
1063 3213 1173 3292 potest
1191 3209 1242 3294 ²⁶).

103 3304 201 3374 Erant
221 3311 323 3394 igitur
345 3329 385 3374 ea
405 3308 491 3374 inter
512 3309 653 3406 maxima
667 3308 915 3376 Salaminiorum
937 3329 1029 3376 sacra
1049 3312 1099 3395 ¹⁷),
1122 3312 1242 3398 itaque,

104 3469 306 3484 -——.—....

173 3564 216 3633 15)
234 3566 328 3621 Etiam
346 3567 500 3639 Epitaphiia
525 3573 634 3640 praeter
656 3568 728 3624 hanc
745 3569 874 3638 lampada
897 3567 1064 3638 epheborum
1089 3569 1156 3624 aliae
1179 3588 1244 3640 quo·

103 3663 152 3713 que
173 3651 258 3709 factas
283 3673 341 3710 esee
355 3657 417 3728 Ἑφ.
441 3657 504 3730 α’ρχ.
523 3663 594 3714 2032
617 3660 722 3714 indicat
747 3658 805 3728 (nir
822 3659 955 3730 λαμπάδα
976 3660 1029 3712 τῶν
1048 3659 1159 3730 ἀνδρῶν
1172 3661 1244 3717 Ἐπι-

103 3737 183 3804 τάφια
202 3744 332 3812 νικήσας).

172 3831 215 3902 16)
233 3833 351 3904 Hesych.
369 3832 519 3897 „Atdrraa’
537 3834 612 3907 ἑορτὴ
627 3837 657 3888 ἐν
674 3834 838 3909 Σαλαμῖνι.“
875 3836 986 3907 Praeter
1003 3836 1085 3891 inser.
1103 3842 1116 3892 1
1136 3857 1161 3891 v.
1177 3843 1244 3894 16·-

107 3915 146 3967 18.
165 3919 181 3970 2
198 3937 224 3973 v.
243 3925 287 3976 30.
306 3926 351 3978 72.
370 3926 395 3992 3,
415 3926 458 3998 24.
477 3928 503 3994 4,
523 3929 566 3979 22.
599 3923 659 3994 ’Ep
680 3925 741 3996 ἀρχ.
767 3928 837 3982 4041
856 3941 882 3977 v.
902 3926 936 3976 14
964 3923 1048 3978 etiam
1067 3924 1121 3980 duo
1138 3928 1246 3998 integra

103 3998 306 4065 Salaminiorum
319 4011 431 4066 decreta
441 4018 593 4086 supersunt,
612 4016 708 4084 quibus
725 4013 824 4085 ephebi
841 4011 1031 4066 collaudantur
1046 4020 1161 4084 propter
1177 4017 1245 4071 haee

106 4103 179 4146 secra
195 4096 265 4152 bene
282 4098 428 4172 celebrata,
447 4103 530 4158 inser.
550 4109 563 4159 1
584 4123 610 4158 v.
628 4107 745 4160 53-63.
762 4107 780 4156 4
798 4120 824 4156 v.
843 4103 959 4156 75-89.

176 4185 221 4252 17)
240 4187 275 4240 Ut
293 4188 409 4243 honores
434 4208 451 4246 a
477 4194 579 4262 populo
607 4193 712 4248 decreti
728 4190 841 4246 Athenis
863 4187 1013 4257 Dionysiia,
1040 4180 1244 4248 Panathenaeis,

105 4262 244 4326 Eleusiniis
262 4293 278 4330 a
294 4293 430 4346 praecone
447 4282 643 4351 renuntiantur,
662 4283 702 4336 ita
719 4279 855 4335 Salamine
873 4276 999 4332 Aeanteis
1018 4274 1061 4343 (C.
1077 4272 1100 4324 l.
1115 4269 1162 4325 Gr.
1174 4270 1246 4349 1081

106 4353 244 4428 Templum
269 4367 357 4420 Aiacis
389 4367 548 4440 (Alterura)
579 4373 808 4434 commemoratur
838 4367 919 4422 inscr.
944 4370 961 4422 4
988 4385 1013 4420 v.
1038 4366 1083 4418 87.
1132 4360 1246 4414 Peucen·

106 4443 127 4512 1,
146 4450 188 4519 35,
209 4457 233 4508 2.

914 4574 958 4636 5*
