3082 5076
809 308 848 370 14

251 504 283 567 p.
297 457 350 546 85.
394 476 457 545 Sed
480 477 577 542 etiam
598 475 692 544 huius
714 477 763 542 rei
787 495 870 559 quae
892 478 1066 558 supersunt
1086 471 1273 538 testimonia
1293 470 1403 538 omnia

254 587 295 652 ad
318 583 471 651 inferiora
485 588 633 666 tempora
652 582 829 670 pertinent.
861 578 944 644 Nam
957 577 1081 644 liberae
1102 576 1298 661 reipublicae
1319 581 1401 641 tem·

255 711 334 776 pore
365 689 447 755 haec
475 686 582 752 omnia
612 684 809 770 singulorum
831 681 968 748 arbitrio
990 680 1093 766 magis
1116 681 1274 766 permissa
1296 683 1400 759 erant,

255 815 354 880 quum
382 811 486 876 neque
515 794 742 874 praeceptores
771 787 900 873 publica
922 787 1116 854 auctoritate
1137 785 1287 852 instructi
1308 783 1400 849 insti·

253 901 441 978 tuerentur,
472 915 576 978 neque
598 893 638 958 de
660 893 739 977 ipsis
766 896 1050 962 exercitationibus
1070 894 1141 979 lege
1163 890 1286 976 aliquid
1307 910 1399 974 prae-

255 1003 411 1087 scriptum
433 1004 532 1065 esset:
560 996 648 1081 quod
667 999 813 1081 proximo
833 1006 979 1086 tempore
1009 1004 1209 1085 quantopere
1238 1000 1399 1062 mutatum

258 1108 316 1188 sit,
339 1105 425 1171 inira
446 1101 634 1169 videbimus.
1285 1155 1293 1166 .

342 1208 452 1275 Etiam
472 1207 506 1271 in
539 1204 640 1270 sacris
674 1204 807 1270 deorum
829 1204 1042 1290 celebrandis,
1075 1208 1111 1273 in
1141 1204 1256 1291 quibus
1285 1207 1400 1288 postea

256 1311 397 1398 ephebos
418 1310 539 1394 primas
559 1313 671 1392 partes
693 1309 795 1393 egisse
816 1309 1010 1394 videbimus,
1044 1311 1107 1378 hoc
1136 1316 1281 1394 tempore
1302 1327 1399 1392 quae·

256 1438 333 1483 nam
353 1415 604 1484 fuerinteorum
632 1434 767 1479 munera
787 1415 970 1480 accuratius
993 1416 1057 1483 dici
1078 1416 1200 1501 nequit.
1244 1412 1308 1479 Sed
1327 1433 1399 1478 con·

258 1526 445 1588 sentaneum
469 1522 519 1584 est
541 1516 606 1582 iam
626 1522 705 1584 tunc
725 1519 760 1584 in
780 1521 912 1586 summis
934 1526 1021 1586 certe
1042 1521 1143 1603 lestis,
1165 1506 1265 1586 veluti
1283 1518 1399 1602 Diony-

258 1623 451 1708 siismagnis
473 1627 506 1687 et
519 1620 703 1705 Eleusiniis,
727 1623 877 1707 ephebos,
899 1629 1070 1709 utpostea,
1092 1629 1235 1690 armatos
1257 1625 1291 1690 in
1312 1644 1401 1707 pom·

257 1730 308 1814 pis
324 1727 491 1794 incessisse
502 1748 512 1806 ;·
529 1724 564 1790 id
578 1727 664 1811 quod
684 1728 724 1794 de
736 1728 974 1796 Panathenaeis
993 1736 1081 1797 certo
1102 1729 1235 1811 scimus,
1256 1728 1313 1794 ubi
1335 1749 1401 1794 om-

257 1835 334 1899 nino
355 1821 466 1898 bmnes
488 1830 572 1902 cives
594 1832 713 1897 armati
733 1854 884 1919 pompam
905 1834 1079 1902 ducebant.-
1100 1833 1254 1921 (Thucyd.
1277 1832 1331 1915 Vl,
1349 1837 1400 1898 58.

257 1939 359 2004 Meier
380 1937 454 2020 allg.
478 1933 610 2019 Encykl.
638 1935 709 2002 Art.
736 1937 914 2005 Panathen.
944 1961 976 2022 p.
1000 1937 1088 2026 290).
1143 1938 1236 2017 Quod
1261 1939 1314 2005 hic
1335 1961 1402 2004 mo·

258 2043 323 2123 nui,
345 2041 429 2126 quia,
451 2038 486 2104 id
508 2037 595 2121 quod
616 2038 791 2122 permirum
813 2047 872 2124 est,
894 2043 929 2108 in
950 2045 1055 2110 titulis
1077 2043 1214 2127 proximi
1235 2044 1402 2128 temporis,

259 2168 358 2233 quum
379 2144 443 2210 alia
463 2143 565 2208 multo
587 2143 720 2210 minoris
741 2148 894 2214 momenti
909 2169 1003 2214 sacra
1024 2153 1261 2229 recenseantur,
1283 2148 1324 2215 de
1344 2148 1403 2214 illa

258 2270 378 2337 pompa
405 2268 446 2314 ne
473 2246 570 2312 verbo
604 2247 733 2333 quidem
757 2251 877 2318 mentio
907 2251 945 2318 lit
958 2252 1011 2336 ¹³).
1057 2250 1155 2318 Cuius
1183 2253 1233 2318 rei
1254 2252 1402 2337 equidem

257 2376 390 2423 causam
410 2372 533 2437 ignoro.

260 2493 467 2511 ffl—

332 2562 375 2632 13)
393 2560 464 2615 Nam
487 2559 548 2612 mot
575 2558 657 2614 inscr.
688 2561 704 2614 ὅ
731 2577 757 2614 v.
781 2562 797 2613 3
822 2562 913 2614 utrum
941 2562 1016 2614 recte
1043 2559 1212 2616 (iamenudes
1237 2562 1404 2631 suppleverit

258 2647 503 2722 septemanas,
521 2664 616 2718 necne,
631 2663 800 2716 nequaquam
813 2652 919 2702 certum
937 2653 987 2718 est,
1005 2650 1166 2718 praesertim
1178 2657 1261 2718 quum
1278 2649 1402 2704 omnibus

258 2744 367 2812 praeter
384 2738 437 2791 hoc
452 2736 615 2791 vocabulum
632 2735 728 2790 deletis
746 2752 878 2805 quaenam
897 2736 978 2794 fuerit
995 2739 1052 2793 eius
1069 2739 1125 2795 loci
1142 2739 1276 2795 sententia
1291 2753 1402 2811 prorsus

208 2859 212 2868 .
257 2830 424 2900 ignoremus:
443 2829 584 2895 praeterea
601 2843 627 2879 v.
646 2842 706 2895 cap.
725 2825 764 2882 IV
780 2824 805 2895 ξ.
825 2826 893 2880 214.
913 2829 939 2879 7.
