3082 5076
813 283 978 382 74Ι

261 467 417 512 annorum
441 469 574 514 numero
604 451 774 516 interiecto
796 452 918 532 maiore
948 449 1118 534 splendore
1140 450 1220 516 haec
1241 468 1337 515 sacra
1358 469 1410 515 ce-

264 552 392 618 lebrata
413 574 494 619 esse.

350 662 379 720 7.
426 656 652 742 Φιλαδέλφεια
673 680 693 724 a
714 658 870 744 Septimio
893 658 1012 725 Severo
1039 659 1074 724 in
1095 657 1248 723 honorem
1268 656 1410 722 filiorum

267 759 454 828 Caracallae
477 770 510 829 et
532 762 635 830 Getae
656 765 808 830 instituta
831 764 880 852 (Ο.
903 764 928 829 I.
953 762 1008 829 Gr.
1034 766 1107 828 245.
1131 765 1205 827 246.
1229 765 1305 826 283.
1335 758 1410 823 Φιλ.

262 869 292 928 Γ
310 888 341 950 p.
365 868 454 954 277).

349 971 418 1050 Quo
440 978 585 1057 tempore
607 972 685 1038 anni
704 972 784 1039 haec
806 972 934 1057 singula
963 992 1057 1038 sacra
1078 971 1166 1036 facta
1189 971 1271 1051 sint,
1292 970 1328 1035 in
1350 969 1409 1036 ob-

263 1096 357 1142 scuro
380 1082 440 1142 est.
481 1078 564 1143 Nam
587 1099 661 1144 eum
683 1077 847 1160 ordinem,
878 1099 942 1162 quo
971 1079 1006 1143 in
1036 1077 1141 1144 titulis
1168 1097 1203 1142 se
1231 1075 1406 1158 excipiunt,

261 1201 326 1246 non
349 1181 523 1248 secundum
544 1184 700 1268 temporis
723 1184 884 1248 rationem
898 1183 1111 1250 constitutum
1133 1203 1203 1248 esse
1219 1181 1294 1247 inde
1317 1185 1409 1264 patet

263 1285 349 1370 quod
370 1285 399 1351 is
427 1286 462 1352 in
484 1286 556 1352 aliis
588 1286 693 1353 titulis
715 1287 811 1371 plane
842 1286 926 1352 alius
958 1292 1009 1354 est
1031 1286 1154 1373 (confer
1176 1308 1205 1350 v.
1229 1307 1256 1351 c.
1282 1284 1357 1352 ott.
1382 1290 1408 1348 Α

263 1410 295 1472 p.
321 1393 384 1456 518
408 1395 441 1456 et
463 1396 496 1454 B
516 1411 548 1475 p.
564 1391 654 1480 430).
698 1391 761 1457 Sed
782 1414 823 1457 ne
846 1412 885 1458 ea
908 1391 1038 1476 quidem
1060 1392 1155 1472 ratio,
1179 1411 1276 1475 quam
1286 1389 1410 1455 Boeok-

265 1492 338 1561 bins
362 1495 404 1561 ad
428 1495 463 1561 G.
487 1496 512 1561 I.
536 1496 593 1562 Gr.
616 1519 648 1562 n.
673 1501 758 1562 2309
789 1497 953 1580 instituit,
974 1520 1082 1581 .qunm
1104 1496 1226 1562 diceret
1249 1495 1305 1561 ubi
1325 1494 1411 1560 idem

264 1605 350 1666 esset
372 1601 635 1686 gymnasiarchus
658 1602 778 1668 mensis
800 1602 936 1668 alicuius
960 1607 993 1667 et
1006 1602 1211 1687 agonotheta,
1233 1601 1267 1666 id
1288 1599 1409 1666 indicio

264 1726 344 1786 esse,
368 1706 448 1771 illud
469 1707 604 1788 festum,
638 1708 729 1773 cuius
761 1707 956 1792 agonotheta
979 1713 1082 1789 essct,
1114 1708 1149 1772 in
1171 1727 1244 1772 eum
1266 1726 1410 1771 mensem

263 1809 414 1893 incidere,
437 1811 510 1877 aliis
531 1812 637 1877 titulis
659 1811 873 1896 comprobata
894 1819 952 1878 est.
999 1812 1104 1890 Quum
1134 1811 1220 1878 enim
1247 1811 1293 1876 ibi
1317 1811 1410 1876 Anti·

264 1919 419 1981 no'e'orum
440 1937 525 1999 quae
546 1916 697 1982 Eleusine
720 1922 861 2001 aguntur
883 1916 1081 2001 agonotheta
1103 1916 1199 1982 simul
1220 1913 1409 1981 Posideonis

265 2020 526 2105 gymnasiarohus
550 2022 613 2104 sit,
648 2020 722 2086 Φιλ.
745 2025 776 2085 Γ
793 2017 824 2106 p'.
850 2027 913 2087 554
935 2021 992 2087 illa
1013 2020 1224 2107 agonothesia
1246 2041 1319 2086 cum
1342 2019 1410 2085 Sci-

257 2125 466 2212 ⁴rophorionis
489 2127 746 2212 gymnasiarchia
768 2127 950 2216 coniuncta
973 2131 1041 2212 est,
1074 2129 1153 2192 item
1184 2125 1410 2192 Germanicae·

265 2253 337 2296 rum
359 2231 556 2316 agonotheta
581 2231 647 2298 illic
669 2231 915 2317 Thargclionis,
947 2232 1000 2298 hic
1021 2231 1251 2318 Pyanepsionis
1279 2253 1410 2316 gymna-

266 2335 413 2402 siarchus
434 2341 495 2403 est.
1270 2395 1273 2400 .

353 2440 444 2518 Quae
465 2441 500 2506 in
521 2441 571 2506 his
594 2440 741 2526 omnibus
763 2440 848 2507 ludis
869 2439 990 2506 brerint
1011 2441 1208 2524 epheborum
1225 2446 1347 2525 partes,
1371 2461 1412 2504 ex

264 2551 360 2631 parte
381 2551 510 2612 tantum
531 2546 668 2612 indicari
689 2550 808 2630 potest.
854 2547 960 2630 Atque
988 2568 1060 2612 cum
1083 2545 1231 2612 omnibus
1253 2545 1319 2610 fere
1342 2566 1411 2610 cer·

266 2653 391 2719 tamine
414 2651 560 2736 gymnica
582 2648 753 2715 coniuncta
765 2670 835 2716 esse
856 2650 1015 2715 videntur.
1049 2648 1145 2715 Certe
1169 2647 1205 2714 C.
1227 2647 1252 2712 1.
1275 2645 1331 2714 Gr.
1345 2653 1410 2713 246

268 2779 324 2823 sex
345 2756 501 2822 festorum
522 2753 677 2820 victoriae
698 2754 733 2819 in
753 2754 837 2820 ludis
860 2755 1012 2840 gymnicis
1034 2758 1220 2838 reportatas
1241 2774 1410 2819 recensen-

265 2867 340 2943 tur;
362 2880 446 2946 quae
467 2859 552 2924 festa
574 2859 643 2924 sine
666 2857 763 2924 dubio
787 2879 827 2924 cx
848 2880 958 2926 eorum
970 2879 1104 2924 numero
1125 2858 1265 2938 fuerumt,
1288 2857 1411 2940 dequi-

267 2965 329 3031 bus
350 2963 446 3030 modo
469 2962 545 3044 dixi,
575 2982 651 3027 nam
674 2983 772 3047 quum
794 2967 903 3028 cetera
929 2963 1059 3028 nomina
1080 2961 1313 3042 interciderint,
1336 2959 1410 3025 Phi-

174 3129 176 3138 ,
265 3068 507 3154 ladelpheorum
530 3071 563 3132 et
577 3066 817 3133 Athenaeorum
839 3073 968 3134 servata
990 3072 1074 3132 sunt.
1118 3066 1200 3132 Item
1226 3063 1300 3128 ott.
1322 3069 1358 3128 A
1377 3087 1411 3149 p.

273 3178 336 3239 384
362 3193 394 3238 n.
418 3175 437 3236 3
469 3191 509 3236 ex
529 3170 698 3236 Antino'e‘is
720 3172 887 3256 utrisque,
920 3171 1108 3252 Adrianeis,
1138 3169 1354 3236 Germaniceis
1369 3171 1412 3253 ²³)

266 3277 417 3343 ludorum
439 3265 658 3360 gymnicorum
678 3275 814 3341 victores
837 3281 1054 3342 recensentur.

355 3380 538 3445 Praeterea
551 3377 586 3443 in
608 3376 825 3446 Germaniceis
841 3385 1110 3448 commemoratur
1130 3379 1255 3464 lampas
1278 3383 1312 3446 et
1330 3399 1413 3443 ναυ-

269 3488 372 3571 μαχία
395 3483 485 3571 (mat.
507 3485 537 3546 Γ
552 3502 585 3566 p.
610 3483 697 3568 353).

352 3589 499 3674 Denique
522 3587 602 3652 satis
624 3586 831 3654 memorabile
854 3586 1038 3652 certaminis
1060 3609 1160 3672 genus
1183 3589 1218 3654 in
1235 3588 1287 3656 his
1309 3592 1412 3656 sacris

267 3699 546 3774 commemoratur,
570 3691 656 3777 quod
679 3691 851 3759 constabat
872 3692 905 3756 in
928 3690 1168 3758 laudationibus
1190 3714 1311 3777 eornm,
1341 3697 1413 3778 qui·

267 3800 329 3867 bus
352 3819 445 3866 sacra
466 3796 601 3878 fiebant,
625 3796 853 3880 componendis
884 3801 918 3862 et
938 3797 1130 3880 recitandis,
1154 3818 1218 3882 quo
1239 3799 1274 3862 in
1295 3819 1413 3882 genere

270 3904 334 3970 duo
358 3901 610 3986 distinguuntur,
634 3900 794 3985 ἐγκώμιον
820 3904 853 3966 et
872 3903 995 3986 ποίημα
1018 3900 1106 3985 (cst.
1129 3905 1164 3965 A
1187 3922 1219 3986 p.
1244 3906 1307 3967 384
1331 3904 1362 3964 Γ
1379 3925 1411 3986 p.

272 4011 354 4089 353;
386 4005 652 4091 ἕγκωμιογρᾶφος
680 4011 713 4072 et
742 4005 871 4092 ποιητής
893 4005 927 4071 O.
950 4007 975 4072 Ι.
999 4005 1056 4072 Gr.
1080 4006 1168 4092 2'45).
1190 3991 1262 4070 ¹Ex
1294 4005 1411 4090 quibus

250 4108 448 4178 ‘Boeckhius
484 4108 565 4175 illud
593 4110 746 4196 lyricum,
778 4108 839 4176 hoc
874 4111 999 4197 epicum
1031 4132 1159 4178 carmen
1191 4109 1291 4177 misse
1321 4110 1410 4176 dicit.

270 4269 477 4281 Ἥ

341 4351 386 4422 23)
405 4351 466 4406 Huc
484 4352 567 4408 etiam
588 4352 707 4422 pertinet
733 4353 762 4408 Ο.
786 4353 809 4409 Ι.
826 4355 873 4411 Gr.
891 4357 943 4414 282
968 4357 1111 4408 Φιλιστίων
1131 4351 1234 4426 suppli
1252 4352 1360 4421 νικήσας
1385 4356 1414 4406 ἐν

269 4445 323 4502 τοῖς
342 4437 556 4516 ἢρ]μανικείοις
575 4441 725 4513 stratheren:
